<?xml version="1.0" encoding="UTF-8"?>
<!DOCTYPE html PUBLIC "-//W3C//DTD XHTML 1.0 Transitional//EN"
    "http://www.w3.org/TR/xhtml1/DTD/xhtml1-transitional.dtd">
<html xmlns="http://www.w3.org/1999/xhtml" xml:lang="en" lang="en">
 <head>
  <title>
</title>
<meta http-equiv="Content-Type" content="text/html;charset=utf-8" />
  <meta name='ocr-system' content='tesseract 3.04.00' />
  <meta name='ocr-capabilities' content='ocr_page ocr_carea ocr_par ocr_line ocrx_word'/>
</head>
<body>
  <div class='ocr_page' id='page_1' title='image "4737811_0027.png"; bbox 0 0 1678 2671; ppageno 0'>
   <div class='ocr_carea' id='block_1_1' title="bbox 69 345 1402 465">
    <p class='ocr_par' dir='ltr' id='par_1_1' title="bbox 0 345 1402 465">
     <span class='ocr_line' id='line_1_1' title="bbox 123 345 1401 400; baseline -0.003 -9.351"><span class='ocrx_word' id='word_1_1' title='bbox 123 350 459 393; x_wconf 65' lang='lat' dir='ltr'>Mamertinorum</span> <span class='ocrx_word' id='word_1_2' title='bbox 497 351 562 400; x_wconf 90' lang='lat' dir='ltr'><strong>qui</strong></span> <span class='ocrx_word' id='word_1_3' title='bbox 593 351 771 389; x_wconf 80' lang='lat' dir='ltr'><strong>Messana</strong></span> <span class='ocrx_word' id='word_1_4' title='bbox 796 353 909 388; x_wconf 86' lang='lat' dir='ltr'><strong>erant</strong></span> <span class='ocrx_word' id='word_1_5' title='bbox 934 349 1069 400; x_wconf 82' lang='lat' dir='ltr'><strong>potiti,</strong></span> <span class='ocrx_word' id='word_1_6' title='bbox 1112 361 1172 388; x_wconf 89' lang='lat' dir='ltr'><strong>res</strong></span> <span class='ocrx_word' id='word_1_7' title='bbox 1199 345 1396 391; x_wconf 79' lang='lat' dir='ltr'><strong>afflictas</strong></span> <span class='ocrx_word' id='word_1_8' title='bbox 1394 370 1401 387; x_wconf 73' lang='lat' dir='ltr'>fl</span> 
     </span>
     <span class='ocr_line' id='line_1_2' title="bbox 69 398 1402 465; baseline 0.001 -14.902"><span class='ocrx_word' id='word_1_9' title='bbox 69 442 78 446; x_wconf 80' lang='lat'><em>-</em></span> <span class='ocrx_word' id='word_1_10' title='bbox 118 398 266 450; x_wconf 71' lang='lat' dir='ltr'><strong>sionem</strong></span> <span class='ocrx_word' id='word_1_11' title='bbox 314 412 537 462; x_wconf 75' lang='lat' dir='ltr'>praebuisse</span> <span class='ocrx_word' id='word_1_12' title='bbox 581 411 763 450; x_wconf 88' lang='lat' dir='ltr'><strong>Romanis</strong></span> <span class='ocrx_word' id='word_1_13' title='bbox 808 410 961 449; x_wconf 84' lang='lat' dir='ltr'><strong>Siciliae</strong></span> <span class='ocrx_word' id='word_1_14' title='bbox 1005 410 1135 459; x_wconf 11' lang='lat' dir='ltr'><strong>rebus?</strong></span> <span class='ocrx_word' id='word_1_15' title='bbox 1162 422 1203 449; x_wconf 88' lang='lat' dir='ltr'><strong>se</strong></span> <span class='ocrx_word' id='word_1_16' title='bbox 1246 405 1402 465; x_wconf 14' lang='lat' dir='ltr'><strong>immisi-27</strong></span> 
     </span>
    </p>
   </div>
   <div class='ocr_carea' id='block_1_2' title="bbox 26 949 1512 1006">
    <p class='ocr_par' dir='ltr' id='par_1_2' title="bbox 26 949 1512 1006">
     <span class='ocr_line' id='line_1_3' title="bbox 26 949 1512 1006; baseline 0.001 -12"><span class='ocrx_word' id='word_1_17' title='bbox 26 949 52 988; x_wconf 41' lang='grc' dir='ltr'><strong>ἦ</strong></span> <span class='ocrx_word' id='word_1_18' title='bbox 82 991 90 994; x_wconf 76' lang='grc'>,</span> <span class='ocrx_word' id='word_1_19' title='bbox 122 968 224 995; x_wconf 86' lang='lat' dir='ltr'><strong>rore</strong></span> <span class='ocrx_word' id='word_1_20' title='bbox 247 969 295 994; x_wconf 87' lang='lat' dir='ltr'><strong>ex</strong></span> <span class='ocrx_word' id='word_1_21' title='bbox 338 957 432 995; x_wconf 92' lang='lat' dir='ltr'><strong>urbe</strong></span> <span class='ocrx_word' id='word_1_22' title='bbox 476 958 697 1002; x_wconf 82' lang='lat' dir='ltr'><strong>eiecerunt,</strong></span> <span class='ocrx_word' id='word_1_23' title='bbox 752 958 914 1006; x_wconf 86' lang='lat' dir='ltr'><strong>Appium</strong></span> <span class='ocrx_word' id='word_1_24' title='bbox 957 956 1168 997; x_wconf 83' lang='lat' dir='ltr'><strong>Claudium</strong></span> <span class='ocrx_word' id='word_1_25' title='bbox 1206 957 1512 1005; x_wconf 69' lang='lat' dir='ltr'><strong>arcessiveruut</strong></span> 
     </span>
    </p>
   </div>
   <div class='ocr_carea' id='block_1_3' title="bbox 59 1195 1524 1247">
    <p class='ocr_par' dir='ltr' id='par_1_3' title="bbox 59 1195 1524 1247">
     <span class='ocr_line' id='line_1_4' title="bbox 59 1195 1524 1247; baseline -0.001 -11"><span class='ocrx_word' id='word_1_26' title='bbox 59 1195 63 1199; x_wconf 49' lang='lat'>²</span> <span class='ocrx_word' id='word_1_27' title='bbox 123 1197 258 1236; x_wconf 85' lang='lat' dir='ltr'><strong>foedus</strong></span> <span class='ocrx_word' id='word_1_28' title='bbox 287 1198 376 1236; x_wconf 86' lang='lat' dir='ltr'><strong>iniit</strong></span> <span class='ocrx_word' id='word_1_29' title='bbox 402 1210 488 1236; x_wconf 91' lang='lat' dir='ltr'><strong>cum</strong></span> <span class='ocrx_word' id='word_1_30' title='bbox 515 1198 895 1246; x_wconf 78' lang='lat' dir='ltr'><strong>Carthaginiensibus</strong></span> <span class='ocrx_word' id='word_1_31' title='bbox 923 1198 1215 1247; x_wconf 80' lang='lat' dir='ltr'><strong>Messanamque</strong></span> <span class='ocrx_word' id='word_1_32' title='bbox 1241 1197 1360 1247; x_wconf 86' lang='lat' dir='ltr'><strong>copiis</strong></span> <span class='ocrx_word' id='word_1_33' title='bbox 1385 1196 1524 1242; x_wconf 53' lang='lat' dir='ltr'><strong>ador-f</strong></span> 
     </span>
    </p>
   </div>
   <div class='ocr_carea' id='block_1_4' title="bbox 0 2159 1457 2284">
    <p class='ocr_par' dir='ltr' id='par_1_4' title="bbox 0 2159 1457 2284">
     <span class='ocr_line' id='line_1_5' title="bbox 3 2159 1447 2218; baseline 0.001 -17"><span class='ocrx_word' id='word_1_34' title='bbox 3 2159 12 2165; x_wconf 48' lang='lat'><strong>‘⁴</strong></span> <span class='ocrx_word' id='word_1_35' title='bbox 68 2203 75 2206; x_wconf 65' lang='grc'>,</span> <span class='ocrx_word' id='word_1_36' title='bbox 128 2164 195 2214; x_wconf 91' lang='lat' dir='ltr'><strong>qui</strong></span> <span class='ocrx_word' id='word_1_37' title='bbox 223 2176 311 2203; x_wconf 90' lang='lat' dir='ltr'><strong>eum</strong></span> <span class='ocrx_word' id='word_1_38' title='bbox 338 2164 419 2202; x_wconf 81' lang='lat' dir='ltr'><strong>fere</strong></span> <span class='ocrx_word' id='word_1_39' title='bbox 446 2165 494 2203; x_wconf 90' lang='lat' dir='ltr'><strong>ad</strong></span> <span class='ocrx_word' id='word_1_40' title='bbox 523 2165 677 2204; x_wconf 86' lang='lat' dir='ltr'><strong>verbum</strong></span> <span class='ocrx_word' id='word_1_41' title='bbox 704 2166 923 2218; x_wconf 83' lang='lat' dir='ltr'>exscripsit,</span> <span class='ocrx_word' id='word_1_42' title='bbox 968 2168 1137 2207; x_wconf 83' lang='lat' dir='ltr'><strong>Zonaras</strong></span> <span class='ocrx_word' id='word_1_43' title='bbox 1155 2168 1187 2212; x_wconf 82' lang='grc'><strong>3)</strong></span> <span class='ocrx_word' id='word_1_44' title='bbox 1227 2165 1388 2206; x_wconf 81' lang='lat' dir='ltr'><strong>tradunt</strong></span> <span class='ocrx_word' id='word_1_45' title='bbox 1421 2176 1447 2214; x_wconf 89' lang='lat' dir='ltr'><strong>p</strong></span> 
     </span>
     <span class='ocr_line' id='line_1_6' title="bbox 0 2225 1457 2284; baseline 0.001 -21"><span class='ocrx_word' id='word_1_46' title='bbox 0 2267 6 2271; x_wconf 16' lang='grc' dir='ltr'>μ</span> <span class='ocrx_word' id='word_1_47' title='bbox 63 2281 71 2284; x_wconf 78' lang='lat'>-</span> <span class='ocrx_word' id='word_1_48' title='bbox 129 2238 233 2264; x_wconf 87' lang='lat' dir='ltr'><strong>mum</strong></span> <span class='ocrx_word' id='word_1_49' title='bbox 262 2225 512 2264; x_wconf 77' lang='lat' dir='ltr'><strong>Mamertinos</strong></span> <span class='ocrx_word' id='word_1_50' title='bbox 534 2239 558 2264; x_wconf 87' lang='lat' dir='ltr'><strong>a</strong></span> <span class='ocrx_word' id='word_1_51' title='bbox 586 2227 767 2266; x_wconf 83' lang='lat' dir='ltr'><strong>Romanis</strong></span> <span class='ocrx_word' id='word_1_52' title='bbox 796 2229 982 2268; x_wconf 86' lang='lat' dir='ltr'><strong>auxilium</strong></span> <span class='ocrx_word' id='word_1_53' title='bbox 1007 2229 1203 2279; x_wconf 81' lang='lat' dir='ltr'><strong>petivisse,</strong></span> <span class='ocrx_word' id='word_1_54' title='bbox 1231 2225 1385 2275; x_wconf 81' lang='lat' dir='ltr'><strong>deinde,</strong></span> <span class='ocrx_word' id='word_1_55' title='bbox 1411 2226 1457 2283; x_wconf 70' lang='grc'><strong>011</strong></span> 
     </span>
    </p>
   </div>
   <div class='ocr_carea' id='block_1_5' title="bbox 0 0 1678 2671">
    <p class='ocr_par' dir='ltr' id='par_1_5' title="bbox 0 0 1678 2671">
     <span class='ocr_line' id='line_1_7' title="bbox 0 0 1678 384; baseline 0 -60"><span class='ocrx_word' id='word_1_56' title='bbox 0 0 1678 384; x_wconf 95' lang='lat' dir='ltr'><strong>  </strong></span> 
     </span>
     <span class='ocr_line' id='line_1_8' title="bbox 1332 324 1678 505; baseline 0 0"><span class='ocrx_word' id='word_1_57' title='bbox 1332 324 1678 505; x_wconf 95' lang='lat' dir='ltr'><strong>   </strong></span> 
     </span>
     <span class='ocr_line' id='line_1_9' title="bbox 1341 505 1678 609; baseline 0 0"><span class='ocrx_word' id='word_1_58' title='bbox 1341 505 1678 609; x_wconf 95' lang='lat' dir='ltr'><strong>  </strong></span> 
     </span>
     <span class='ocr_line' id='line_1_10' title="bbox 1455 609 1678 814; baseline 0 -186"><span class='ocrx_word' id='word_1_59' title='bbox 1455 609 1678 814; x_wconf 95' lang='lat' dir='ltr'><strong>      </strong></span> 
     </span>
     <span class='ocr_line' id='line_1_11' title="bbox 1499 814 1678 847; baseline 0 1824"><span class='ocrx_word' id='word_1_60' title='bbox 1499 814 1678 847; x_wconf 95' lang='lat' dir='ltr'><strong> </strong></span> 
     </span>
     <span class='ocr_line' id='line_1_12' title="bbox 1486 847 1678 993; baseline 0 0"><span class='ocrx_word' id='word_1_61' title='bbox 1486 847 1678 993; x_wconf 95' lang='lat' dir='ltr'><strong>   </strong></span> 
     </span>
     <span class='ocr_line' id='line_1_13' title="bbox 1494 993 1678 1146; baseline 0 -37"><span class='ocrx_word' id='word_1_62' title='bbox 1494 993 1678 1146; x_wconf 95' lang='lat' dir='ltr'><strong>    </strong></span> 
     </span>
     <span class='ocr_line' id='line_1_14' title="bbox 1496 1146 1678 1294; baseline 0 -22"><span class='ocrx_word' id='word_1_63' title='bbox 1496 1146 1678 1294; x_wconf 95' lang='lat' dir='ltr'><strong>     </strong></span> 
     </span>
     <span class='ocr_line' id='line_1_15' title="bbox 1497 1294 1678 1391; baseline 0 0"><span class='ocrx_word' id='word_1_64' title='bbox 1497 1294 1678 1391; x_wconf 95' lang='lat' dir='ltr'><strong>   </strong></span> 
     </span>
     <span class='ocr_line' id='line_1_16' title="bbox 1496 1391 1678 1537; baseline 0 0"><span class='ocrx_word' id='word_1_65' title='bbox 1496 1391 1678 1537; x_wconf 95' lang='lat' dir='ltr'><strong>   </strong></span> 
     </span>
     <span class='ocr_line' id='line_1_17' title="bbox 1497 1537 1678 1591; baseline 0 0"><span class='ocrx_word' id='word_1_66' title='bbox 1497 1537 1678 1591; x_wconf 95' lang='lat' dir='ltr'><strong>  </strong></span> 
     </span>
     <span class='ocr_line' id='line_1_18' title="bbox 1344 1591 1678 1774; baseline 0 -59"><span class='ocrx_word' id='word_1_67' title='bbox 1344 1591 1678 1774; x_wconf 95' lang='lat' dir='ltr'><strong>     </strong></span> 
     </span>
     <span class='ocr_line' id='line_1_19' title="bbox 1336 1774 1678 1897; baseline 0 0"><span class='ocrx_word' id='word_1_68' title='bbox 1336 1774 1678 1897; x_wconf 95' lang='lat' dir='ltr'><strong>   </strong></span> 
     </span>
     <span class='ocr_line' id='line_1_20' title="bbox 1426 1897 1678 2082; baseline 0 -126"><span class='ocrx_word' id='word_1_69' title='bbox 1426 1897 1678 2082; x_wconf 95' lang='lat' dir='ltr'><strong>    </strong></span> 
     </span>
     <span class='ocr_line' id='line_1_21' title="bbox 1431 2082 1678 2141; baseline 0 0"><span class='ocrx_word' id='word_1_70' title='bbox 1431 2082 1678 2141; x_wconf 95' lang='lat' dir='ltr'><strong>  </strong></span> 
     </span>
     <span class='ocr_line' id='line_1_22' title="bbox 1447 2141 1678 2306; baseline 0 -128"><span class='ocrx_word' id='word_1_71' title='bbox 1447 2141 1678 2306; x_wconf 95' lang='lat' dir='ltr'><strong>    </strong></span> 
     </span>
     <span class='ocr_line' id='line_1_23' title="bbox 1336 2306 1678 2671; baseline 0 -272"><span class='ocrx_word' id='word_1_72' title='bbox 1336 2306 1678 2671; x_wconf 95' lang='lat' dir='ltr'><strong>   </strong></span> 
     </span>
    </p>
   </div>
   <div class='ocr_carea' id='block_1_6' title="bbox 120 531 1527 946">
    <p class='ocr_par' dir='ltr' id='par_1_6' title="bbox 120 531 1527 946">
     <span class='ocr_line' id='line_1_24' title="bbox 122 531 1392 583; baseline 0 -13"><span class='ocrx_word' id='word_1_73' title='bbox 122 531 312 582; x_wconf 81' lang='lat' dir='ltr'><strong>ginienses</strong></span> <span class='ocrx_word' id='word_1_74' title='bbox 346 533 601 583; x_wconf 83' lang='lat' dir='ltr'><strong>confugerunt</strong></span> <span class='ocrx_word' id='word_1_75' title='bbox 635 531 757 582; x_wconf 89' lang='lat' dir='ltr'><strong>iisque</strong></span> <span class='ocrx_word' id='word_1_76' title='bbox 793 544 832 569; x_wconf 91' lang='lat' dir='ltr'><strong>se</strong></span> <span class='ocrx_word' id='word_1_77' title='bbox 868 534 907 569; x_wconf 88' lang='lat' dir='ltr'><strong>et</strong></span> <span class='ocrx_word' id='word_1_78' title='bbox 932 543 1059 569; x_wconf 88' lang='lat' dir='ltr'><strong>arcem</strong></span> <span class='ocrx_word' id='word_1_79' title='bbox 1095 531 1360 579; x_wconf 83' lang='lat' dir='ltr'><strong>tradiderunt,</strong></span> <span class='ocrx_word' id='word_1_80' title='bbox 1390 542 1392 546; x_wconf 62' lang='lat'><strong><em>⁴</em></strong></span> 
     </span>
     <span class='ocr_line' id='line_1_25' title="bbox 123 592 1455 647; baseline 0.002 -17"><span class='ocrx_word' id='word_1_81' title='bbox 123 592 247 647; x_wconf 71' lang='lat' dir='ltr'><strong>altera</strong></span> <span class='ocrx_word' id='word_1_82' title='bbox 258 592 419 632; x_wconf 86' lang='lat' dir='ltr'><strong>Romam</strong></span> <span class='ocrx_word' id='word_1_83' title='bbox 436 593 623 632; x_wconf 85' lang='lat' dir='ltr'><strong>miserunt</strong></span> <span class='ocrx_word' id='word_1_84' title='bbox 634 593 780 640; x_wconf 80' lang='lat' dir='ltr'><strong>legatos</strong></span> <span class='ocrx_word' id='word_1_85' title='bbox 789 592 922 630; x_wconf 88' lang='lat' dir='ltr'><strong>urbem</strong></span> <span class='ocrx_word' id='word_1_86' title='bbox 930 592 1113 630; x_wconf 83' lang='lat' dir='ltr'><strong>dedentes</strong></span> <span class='ocrx_word' id='word_1_87' title='bbox 1124 596 1354 642; x_wconf 86' lang='lat' dir='ltr'><strong>orantesque</strong></span> <span class='ocrx_word' id='word_1_88' title='bbox 1367 599 1410 632; x_wconf 87' lang='lat' dir='ltr'><strong>ut</strong></span> <span class='ocrx_word' id='word_1_89' title='bbox 1422 605 1455 641; x_wconf 75' lang='lat' dir='ltr'><strong>si</strong></span> 
     </span>
     <span class='ocr_line' id='line_1_26' title="bbox 123 652 1469 704; baseline 0.001 -13"><span class='ocrx_word' id='word_1_90' title='bbox 123 653 312 692; x_wconf 85' lang='lat' dir='ltr'><strong>auxilium</strong></span> <span class='ocrx_word' id='word_1_91' title='bbox 338 653 516 692; x_wconf 85' lang='lat' dir='ltr'><strong>ferretur.</strong></span> <span class='ocrx_word' id='word_1_92' title='bbox 572 654 734 692; x_wconf 87' lang='lat' dir='ltr'><strong>Senatus</strong></span> <span class='ocrx_word' id='word_1_93' title='bbox 761 654 1044 700; x_wconf 86' lang='lat' dir='ltr'><strong>Romanorum,</strong></span> <span class='ocrx_word' id='word_1_94' title='bbox 1074 654 1139 702; x_wconf 90' lang='lat' dir='ltr'><strong>qui</strong></span> <span class='ocrx_word' id='word_1_95' title='bbox 1167 652 1469 704; x_wconf 51' lang='lat' dir='ltr'><strong>dubitavit3qui</strong></span> 
     </span>
     <span class='ocr_line' id='line_1_27' title="bbox 122 707 1522 764; baseline 0.002 -12"><span class='ocrx_word' id='word_1_96' title='bbox 122 712 340 753; x_wconf 80' lang='lat' dir='ltr'><strong>faciendum</strong></span> <span class='ocrx_word' id='word_1_97' title='bbox 363 718 483 761; x_wconf 87' lang='lat' dir='ltr'><strong>esset,</strong></span> <span class='ocrx_word' id='word_1_98' title='bbox 520 727 600 752; x_wconf 88' lang='lat' dir='ltr'><strong>rem</strong></span> <span class='ocrx_word' id='word_1_99' title='bbox 619 714 666 752; x_wconf 85' lang='lat' dir='ltr'><strong>ad</strong></span> <span class='ocrx_word' id='word_1_100' title='bbox 688 714 871 764; x_wconf 89' lang='lat' dir='ltr'><strong>populum</strong></span> <span class='ocrx_word' id='word_1_101' title='bbox 892 714 1025 752; x_wconf 86' lang='lat' dir='ltr'><strong>reiecit</strong></span> <span class='ocrx_word' id='word_1_102' title='bbox 1043 743 1051 760; x_wconf 88' lang='lat'><em>‚</em></span> <span class='ocrx_word' id='word_1_103' title='bbox 1079 713 1144 763; x_wconf 91' lang='lat' dir='ltr'><strong>qui</strong></span> <span class='ocrx_word' id='word_1_104' title='bbox 1163 713 1291 752; x_wconf 78' lang='lat' dir='ltr'><strong>statim</strong></span> <span class='ocrx_word' id='word_1_105' title='bbox 1309 707 1522 757; x_wconf 45' lang='lat' dir='ltr'><strong>auximan&amp;</strong></span> 
     </span>
     <span class='ocr_line' id='line_1_28' title="bbox 123 766 1522 823; baseline 0 -10"><span class='ocrx_word' id='word_1_106' title='bbox 123 773 364 813; x_wconf 68' lang='lat' dir='ltr'><strong>Mamertinis</strong></span> <span class='ocrx_word' id='word_1_107' title='bbox 390 775 590 813; x_wconf 86' lang='lat' dir='ltr'><strong>ferendum</strong></span> <span class='ocrx_word' id='word_1_108' title='bbox 617 787 699 813; x_wconf 90' lang='lat' dir='ltr'><strong>esse</strong></span> <span class='ocrx_word' id='word_1_109' title='bbox 726 775 913 823; x_wconf 86' lang='lat' dir='ltr'><strong>decrevit,</strong></span> <span class='ocrx_word' id='word_1_110' title='bbox 932 766 938 786; x_wconf 82' lang='lat'>¹</span> <span class='ocrx_word' id='word_1_111' title='bbox 957 778 1074 823; x_wconf 86' lang='lat' dir='ltr'><strong>atque</strong></span> <span class='ocrx_word' id='word_1_112' title='bbox 1101 775 1263 823; x_wconf 84' lang='lat' dir='ltr'><strong>Appium</strong></span> <span class='ocrx_word' id='word_1_113' title='bbox 1292 774 1522 820; x_wconf 74' lang='lat' dir='ltr'><strong>Claudium</strong></span> 
     </span>
     <span class='ocr_line' id='line_1_29' title="bbox 122 834 1527 891; baseline 0.001 -18"><span class='ocrx_word' id='word_1_114' title='bbox 122 834 317 873; x_wconf 87' lang='lat' dir='ltr'><strong>consulem</strong></span> <span class='ocrx_word' id='word_1_115' title='bbox 356 836 565 874; x_wconf 84' lang='lat' dir='ltr'><strong>exereitum</strong></span> <span class='ocrx_word' id='word_1_116' title='bbox 601 835 640 873; x_wconf 92' lang='lat' dir='ltr'><strong>in</strong></span> <span class='ocrx_word' id='word_1_117' title='bbox 677 835 845 873; x_wconf 84' lang='lat' dir='ltr'><strong>Siciliam</strong></span> <span class='ocrx_word' id='word_1_118' title='bbox 879 835 1044 873; x_wconf 81' lang='lat' dir='ltr'><strong>traicere</strong></span> <span class='ocrx_word' id='word_1_119' title='bbox 1077 835 1198 872; x_wconf 91' lang='lat' dir='ltr'><strong>iussit.</strong></span> <span class='ocrx_word' id='word_1_120' title='bbox 1278 834 1527 891; x_wconf 70' lang='lat' dir='ltr'><strong>Mamertini:</strong></span> 
     </span>
     <span class='ocr_line' id='line_1_30' title="bbox 120 895 1522 946; baseline 0 -11"><span class='ocrx_word' id='word_1_121' title='bbox 120 895 333 935; x_wconf 86' lang='lat' dir='ltr'><strong>Poenorum</strong></span> <span class='ocrx_word' id='word_1_122' title='bbox 360 897 517 943; x_wconf 86' lang='lat' dir='ltr'><strong>ducem,</strong></span> <span class='ocrx_word' id='word_1_123' title='bbox 562 897 627 946; x_wconf 91' lang='lat' dir='ltr'><strong>qui</strong></span> <span class='ocrx_word' id='word_1_124' title='bbox 663 908 791 935; x_wconf 86' lang='lat' dir='ltr'><strong>arcem</strong></span> <span class='ocrx_word' id='word_1_125' title='bbox 824 895 900 934; x_wconf 85' lang='lat' dir='ltr'><strong>iam</strong></span> <span class='ocrx_word' id='word_1_126' title='bbox 929 899 1197 945; x_wconf 81' lang='lat' dir='ltr'><strong>occupaverat,</strong></span> <span class='ocrx_word' id='word_1_127' title='bbox 1242 895 1329 934; x_wconf 92' lang='lat' dir='ltr'><strong>dolo</strong></span> <span class='ocrx_word' id='word_1_128' title='bbox 1355 899 1394 934; x_wconf 84' lang='lat' dir='ltr'><strong>et</strong></span> <span class='ocrx_word' id='word_1_129' title='bbox 1412 898 1522 935; x_wconf 56' lang='lat' dir='ltr'><strong>ter*—</strong></span> 
     </span>
    </p>
   </div>
   <div class='ocr_carea' id='block_1_7' title="bbox 122 1003 1527 1193">
    <p class='ocr_par' dir='ltr' id='par_1_7' title="bbox 122 1003 1527 1193">
     <span class='ocr_line' id='line_1_31' title="bbox 124 1003 1523 1064; baseline -0.001 -9"><span class='ocrx_word' id='word_1_130' title='bbox 124 1016 242 1055; x_wconf 85' lang='lat' dir='ltr'><strong>Poeni</strong></span> <span class='ocrx_word' id='word_1_131' title='bbox 276 1016 412 1055; x_wconf 86' lang='lat' dir='ltr'><strong>ducem</strong></span> <span class='ocrx_word' id='word_1_132' title='bbox 446 1016 676 1055; x_wconf 89' lang='lat' dir='ltr'><strong>Hannonem</strong></span> <span class='ocrx_word' id='word_1_133' title='bbox 715 1017 818 1054; x_wconf 87' lang='lat' dir='ltr'><strong>cruci</strong></span> <span class='ocrx_word' id='word_1_134' title='bbox 853 1016 1072 1064; x_wconf 84' lang='lat' dir='ltr'><strong>affixerunt,</strong></span> <span class='ocrx_word' id='word_1_135' title='bbox 1119 1016 1335 1059; x_wconf 83' lang='lat' dir='ltr'><strong>Messanam</strong></span> <span class='ocrx_word' id='word_1_136' title='bbox 1362 1003 1523 1054; x_wconf 76' lang='lat' dir='ltr'><strong>urbem</strong></span> 
     </span>
     <span class='ocr_line' id='line_1_32' title="bbox 122 1068 1527 1126; baseline 0.001 -11"><span class='ocrx_word' id='word_1_137' title='bbox 122 1079 231 1115; x_wconf 87' lang='lat' dir='ltr'><strong>terra</strong></span> <span class='ocrx_word' id='word_1_138' title='bbox 254 1077 431 1126; x_wconf 82' lang='lat' dir='ltr'><strong>marique</strong></span> <span class='ocrx_word' id='word_1_139' title='bbox 457 1077 700 1115; x_wconf 89' lang='lat' dir='ltr'><strong>obsederunt.</strong></span> <span class='ocrx_word' id='word_1_140' title='bbox 774 1078 856 1123; x_wconf 83' lang='lat' dir='ltr'><strong>Quo</strong></span> <span class='ocrx_word' id='word_1_141' title='bbox 891 1077 930 1114; x_wconf 91' lang='lat' dir='ltr'><strong>in</strong></span> <span class='ocrx_word' id='word_1_142' title='bbox 964 1089 1091 1115; x_wconf 91' lang='lat' dir='ltr'><strong>rerum</strong></span> <span class='ocrx_word' id='word_1_143' title='bbox 1119 1080 1223 1115; x_wconf 82' lang='lat' dir='ltr'><strong>statu</strong></span> <span class='ocrx_word' id='word_1_144' title='bbox 1251 1068 1388 1121; x_wconf 77' lang='lat' dir='ltr'><strong>Hiero,</strong></span> <span class='ocrx_word' id='word_1_145' title='bbox 1427 1074 1527 1121; x_wconf 59' lang='lat' dir='ltr'><strong>rexsf</strong></span> 
     </span>
     <span class='ocr_line' id='line_1_33' title="bbox 124 1135 1496 1193; baseline -0.001 -18"><span class='ocrx_word' id='word_1_146' title='bbox 124 1135 469 1193; x_wconf 65' lang='lat' dir='ltr'><strong>Syracusanorum,</strong></span> <span class='ocrx_word' id='word_1_147' title='bbox 498 1137 746 1188; x_wconf 74' lang='lat' dir='ltr'><strong>Mamertinos</strong></span> <span class='ocrx_word' id='word_1_148' title='bbox 773 1137 884 1175; x_wconf 85' lang='lat' dir='ltr'><strong>facile</strong></span> <span class='ocrx_word' id='word_1_149' title='bbox 913 1149 959 1174; x_wconf 89' lang='lat' dir='ltr'><strong>ex</strong></span> <span class='ocrx_word' id='word_1_150' title='bbox 979 1137 1109 1175; x_wconf 85' lang='lat' dir='ltr'><strong>Sicilia</strong></span> <span class='ocrx_word' id='word_1_151' title='bbox 1135 1136 1226 1186; x_wconf 90' lang='lat' dir='ltr'><strong>pelli</strong></span> <span class='ocrx_word' id='word_1_152' title='bbox 1253 1148 1363 1186; x_wconf 87' lang='lat' dir='ltr'><strong>posse</strong></span> <span class='ocrx_word' id='word_1_153' title='bbox 1388 1138 1496 1174; x_wconf 85' lang='lat' dir='ltr'><strong>ratus</strong></span> 
     </span>
    </p>
   </div>
   <div class='ocr_carea' id='block_1_8' title="bbox 92 1255 1526 2154">
    <p class='ocr_par' dir='ltr' id='par_1_8' title="bbox 109 1255 1526 1911">
     <span class='ocr_line' id='line_1_34' title="bbox 123 1255 1526 1310; baseline -0.001 -14"><span class='ocrx_word' id='word_1_154' title='bbox 123 1260 187 1296; x_wconf 83' lang='lat' dir='ltr'><strong>tus</strong></span> <span class='ocrx_word' id='word_1_155' title='bbox 225 1261 293 1296; x_wconf 87' lang='lat' dir='ltr'><strong>est.</strong></span> <span class='ocrx_word' id='word_1_156' title='bbox 364 1255 461 1296; x_wconf 84' lang='lat' dir='ltr'><strong>Tum</strong></span> <span class='ocrx_word' id='word_1_157' title='bbox 491 1259 634 1308; x_wconf 89' lang='lat' dir='ltr'><strong>Appius</strong></span> <span class='ocrx_word' id='word_1_158' title='bbox 661 1258 844 1297; x_wconf 87' lang='lat' dir='ltr'><strong>Claudius</strong></span> <span class='ocrx_word' id='word_1_159' title='bbox 879 1262 994 1296; x_wconf 90' lang='lat' dir='ltr'><strong>noctu</strong></span> <span class='ocrx_word' id='word_1_160' title='bbox 1029 1258 1168 1307; x_wconf 84' lang='lat' dir='ltr'><strong>insigni</strong></span> <span class='ocrx_word' id='word_1_161' title='bbox 1208 1267 1296 1296; x_wconf 84' lang='lat' dir='ltr'><strong>cum</strong></span> <span class='ocrx_word' id='word_1_162' title='bbox 1334 1256 1526 1310; x_wconf 68' lang='lat' dir='ltr'><strong>audacia&#39;</strong></span> 
     </span>
     <span class='ocr_line' id='line_1_35' title="bbox 120 1317 1516 1367; baseline -0.002 -10"><span class='ocrx_word' id='word_1_163' title='bbox 120 1318 268 1357; x_wconf 77' lang='lat' dir='ltr'><strong>fretum</strong></span> <span class='ocrx_word' id='word_1_164' title='bbox 296 1318 463 1357; x_wconf 90' lang='lat' dir='ltr'><strong>Siculum</strong></span> <span class='ocrx_word' id='word_1_165' title='bbox 498 1319 652 1357; x_wconf 83' lang='lat' dir='ltr'><strong>traiecit</strong></span> <span class='ocrx_word' id='word_1_166' title='bbox 687 1319 893 1358; x_wconf 86' lang='lat' dir='ltr'><strong>exercitum</strong></span> <span class='ocrx_word' id='word_1_167' title='bbox 910 1348 922 1365; x_wconf 91' lang='lat'>‚</span> <span class='ocrx_word' id='word_1_168' title='bbox 965 1331 989 1356; x_wconf 89' lang='lat' dir='ltr'><strong>a</strong></span> <span class='ocrx_word' id='word_1_169' title='bbox 1014 1318 1152 1357; x_wconf 87' lang='lat' dir='ltr'><strong>Poenis</strong></span> <span class='ocrx_word' id='word_1_170' title='bbox 1183 1323 1222 1357; x_wconf 89' lang='lat' dir='ltr'><strong>et</strong></span> <span class='ocrx_word' id='word_1_171' title='bbox 1248 1317 1516 1367; x_wconf 69' lang='lat' dir='ltr'><strong>Syracusanis-</strong></span> 
     </span>
     <span class='ocr_line' id='line_1_36' title="bbox 109 1377 1521 1429; baseline -0.001 -11"><span class='ocrx_word' id='word_1_172' title='bbox 109 1378 335 1429; x_wconf 80' lang='lat' dir='ltr'><strong>-postulavit</strong></span> <span class='ocrx_word' id='word_1_173' title='bbox 360 1382 406 1417; x_wconf 90' lang='lat' dir='ltr'><strong>ut</strong></span> <span class='ocrx_word' id='word_1_174' title='bbox 423 1379 639 1418; x_wconf 84' lang='lat' dir='ltr'><strong>Messanam</strong></span> <span class='ocrx_word' id='word_1_175' title='bbox 657 1380 788 1418; x_wconf 90' lang='lat' dir='ltr'><strong>urbem</strong></span> <span class='ocrx_word' id='word_1_176' title='bbox 814 1380 863 1418; x_wconf 91' lang='lat' dir='ltr'><strong>ab</strong></span> <span class='ocrx_word' id='word_1_177' title='bbox 882 1380 1097 1418; x_wconf 88' lang='lat' dir='ltr'><strong>obsessione</strong></span> <span class='ocrx_word' id='word_1_178' title='bbox 1124 1380 1344 1417; x_wconf 83' lang='lat' dir='ltr'><strong>liberarent.</strong></span> <span class='ocrx_word' id='word_1_179' title='bbox 1388 1377 1521 1425; x_wconf 49' lang='lat' dir='ltr'><strong>Quod*</strong></span> 
     </span>
     <span class='ocr_line' id='line_1_37' title="bbox 125 1436 1510 1491; baseline -0.001 -14"><span class='ocrx_word' id='word_1_180' title='bbox 125 1451 214 1477; x_wconf 88' lang='lat' dir='ltr'><strong>cum</strong></span> <span class='ocrx_word' id='word_1_181' title='bbox 240 1452 315 1478; x_wconf 89' lang='lat' dir='ltr'><strong>non</strong></span> <span class='ocrx_word' id='word_1_182' title='bbox 342 1439 643 1488; x_wconf 81' lang='lat' dir='ltr'><strong>impetravisset,</strong></span> <span class='ocrx_word' id='word_1_183' title='bbox 672 1441 791 1478; x_wconf 88' lang='lat' dir='ltr'><strong>aciem</strong></span> <span class='ocrx_word' id='word_1_184' title='bbox 822 1445 956 1478; x_wconf 85' lang='lat' dir='ltr'><strong>contra</strong></span> <span class='ocrx_word' id='word_1_185' title='bbox 976 1440 1179 1478; x_wconf 89' lang='lat' dir='ltr'><strong>Hieronem</strong></span> <span class='ocrx_word' id='word_1_186' title='bbox 1206 1439 1340 1477; x_wconf 85' lang='lat' dir='ltr'><strong>eduxit</strong></span> <span class='ocrx_word' id='word_1_187' title='bbox 1365 1436 1510 1491; x_wconf 46' lang='lat' dir='ltr'><strong>et‘Syf</strong></span> 
     </span>
     <span class='ocr_line' id='line_1_38' title="bbox 125 1493 1496 1549; baseline 0 -12"><span class='ocrx_word' id='word_1_188' title='bbox 125 1511 335 1538; x_wconf 85' lang='lat' dir='ltr'><strong>racusanos</strong></span> <span class='ocrx_word' id='word_1_189' title='bbox 357 1500 458 1538; x_wconf 85' lang='lat' dir='ltr'><strong>vicit.</strong></span> <span class='ocrx_word' id='word_1_190' title='bbox 495 1501 611 1539; x_wconf 81' lang='lat' dir='ltr'><strong>Hiero</strong></span> <span class='ocrx_word' id='word_1_191' title='bbox 638 1501 685 1538; x_wconf 90' lang='lat' dir='ltr'><strong>de</strong></span> <span class='ocrx_word' id='word_1_192' title='bbox 712 1513 860 1539; x_wconf 90' lang='lat' dir='ltr'><strong>summa</strong></span> <span class='ocrx_word' id='word_1_193' title='bbox 885 1513 1010 1538; x_wconf 89' lang='lat' dir='ltr'><strong>rerum</strong></span> <span class='ocrx_word' id='word_1_194' title='bbox 1039 1500 1186 1549; x_wconf 88' lang='lat' dir='ltr'><strong>aliquid</strong></span> <span class='ocrx_word' id='word_1_195' title='bbox 1212 1500 1305 1538; x_wconf 87' lang='lat' dir='ltr'><strong>mali</strong></span> <span class='ocrx_word' id='word_1_196' title='bbox 1331 1493 1496 1548; x_wconf 73' lang='lat' dir='ltr'><strong>suspic&#39;a-</strong></span> 
     </span>
     <span class='ocr_line' id='line_1_39' title="bbox 126 1558 1525 1611; baseline -0.001 -13"><span class='ocrx_word' id='word_1_197' title='bbox 126 1564 190 1598; x_wconf 85' lang='lat' dir='ltr'><strong>tus</strong></span> <span class='ocrx_word' id='word_1_198' title='bbox 215 1560 285 1599; x_wconf 91' lang='lat' dir='ltr'><strong>sub</strong></span> <span class='ocrx_word' id='word_1_199' title='bbox 312 1563 461 1599; x_wconf 90' lang='lat' dir='ltr'><strong>noctem</strong></span> <span class='ocrx_word' id='word_1_200' title='bbox 489 1561 666 1600; x_wconf 88' lang='lat' dir='ltr'><strong>celeriter</strong></span> <span class='ocrx_word' id='word_1_201' title='bbox 692 1561 898 1611; x_wconf 85' lang='lat' dir='ltr'><strong>Syracusas</strong></span> <span class='ocrx_word' id='word_1_202' title='bbox 925 1561 1091 1599; x_wconf 85' lang='lat' dir='ltr'><strong>recessit.</strong></span> <span class='ocrx_word' id='word_1_203' title='bbox 1166 1561 1254 1608; x_wconf 63' lang='lat' dir='ltr'><strong>Qua&gt;</strong></span> <span class='ocrx_word' id='word_1_204' title='bbox 1277 1573 1317 1598; x_wconf 91' lang='lat' dir='ltr'><strong>re</strong></span> <span class='ocrx_word' id='word_1_205' title='bbox 1345 1558 1525 1610; x_wconf 55' lang='lat' dir='ltr'><strong>cognitas</strong></span> 
     </span>
     <span class='ocr_line' id='line_1_40' title="bbox 127 1616 1524 1676; baseline 0.001 -18"><span class='ocrx_word' id='word_1_206' title='bbox 127 1621 275 1670; x_wconf 85' lang='lat' dir='ltr'><strong>Appius</strong></span> <span class='ocrx_word' id='word_1_207' title='bbox 301 1619 485 1659; x_wconf 86' lang='lat' dir='ltr'><strong>Claudius</strong></span> <span class='ocrx_word' id='word_1_208' title='bbox 510 1623 684 1672; x_wconf 90' lang='lat' dir='ltr'><strong>proximo</strong></span> <span class='ocrx_word' id='word_1_209' title='bbox 713 1622 773 1661; x_wconf 90' lang='lat' dir='ltr'><strong>die</strong></span> <span class='ocrx_word' id='word_1_210' title='bbox 801 1624 840 1660; x_wconf 89' lang='lat' dir='ltr'><strong>in</strong></span> <span class='ocrx_word' id='word_1_211' title='bbox 869 1621 1203 1670; x_wconf 84' lang='lat' dir='ltr'><strong>Carthaginienses</strong></span> <span class='ocrx_word' id='word_1_212' title='bbox 1233 1623 1418 1671; x_wconf 87' lang='lat' dir='ltr'><strong>impetum</strong></span> <span class='ocrx_word' id='word_1_213' title='bbox 1443 1616 1524 1676; x_wconf 36' lang='lat' dir='ltr'><strong>fef-2}⁴</strong></span> 
     </span>
     <span class='ocr_line' id='line_1_41' title="bbox 127 1673 1525 1731; baseline 0.001 -13"><span class='ocrx_word' id='word_1_214' title='bbox 127 1681 181 1718; x_wconf 89' lang='lat' dir='ltr'><strong>cit</strong></span> <span class='ocrx_word' id='word_1_215' title='bbox 206 1685 245 1719; x_wconf 89' lang='lat' dir='ltr'><strong>et</strong></span> <span class='ocrx_word' id='word_1_216' title='bbox 277 1681 421 1730; x_wconf 88' lang='lat' dir='ltr'><strong>proelio</strong></span> <span class='ocrx_word' id='word_1_217' title='bbox 449 1683 649 1721; x_wconf 90' lang='lat' dir='ltr'><strong>commisso</strong></span> <span class='ocrx_word' id='word_1_218' title='bbox 676 1683 815 1721; x_wconf 88' lang='lat' dir='ltr'><strong>multos</strong></span> <span class='ocrx_word' id='word_1_219' title='bbox 843 1682 1176 1731; x_wconf 81' lang='lat' dir='ltr'><strong>Carthaginienses</strong></span> <span class='ocrx_word' id='word_1_220' title='bbox 1203 1681 1362 1725; x_wconf 80' lang='lat' dir='ltr'><strong>occidit,</strong></span> <span class='ocrx_word' id='word_1_221' title='bbox 1409 1673 1525 1720; x_wconf 52' lang='grc' dir='ltr'><strong>ΓΘΗ-ἰ</strong></span> 
     </span>
     <span class='ocr_line' id='line_1_42' title="bbox 127 1733 1499 1797; baseline 0 -18"><span class='ocrx_word' id='word_1_222' title='bbox 127 1753 224 1791; x_wconf 85' lang='lat' dir='ltr'><strong>quos</strong></span> <span class='ocrx_word' id='word_1_223' title='bbox 249 1741 361 1797; x_wconf 66' lang='lat' dir='ltr'><strong>fudit,</strong></span> <span class='ocrx_word' id='word_1_224' title='bbox 390 1743 454 1790; x_wconf 85' lang='lat' dir='ltr'><strong>qui</strong></span> <span class='ocrx_word' id='word_1_225' title='bbox 482 1744 684 1792; x_wconf 84' lang='lat' dir='ltr'><strong>praecipiti</strong></span> <span class='ocrx_word' id='word_1_226' title='bbox 710 1743 801 1793; x_wconf 81' lang='lat' dir='ltr'><strong>faga</strong></span> <span class='ocrx_word' id='word_1_227' title='bbox 828 1744 940 1781; x_wconf 89' lang='lat' dir='ltr'><strong>urbes</strong></span> <span class='ocrx_word' id='word_1_228' title='bbox 967 1744 1111 1782; x_wconf 84' lang='lat' dir='ltr'><strong>vicinas</strong></span> <span class='ocrx_word' id='word_1_229' title='bbox 1138 1743 1394 1792; x_wconf 23' lang='lat' dir='ltr'><strong>petiverunt.»</strong></span> <span class='ocrx_word' id='word_1_230' title='bbox 1424 1742 1449 1779; x_wconf 75' lang='lat' dir='ltr'><strong>A</strong></span> <span class='ocrx_word' id='word_1_231' title='bbox 1494 1733 1499 1739; x_wconf 22' lang='grc' dir='ltr'><strong>Χ</strong></span> 
     </span>
     <span class='ocr_line' id='line_1_43' title="bbox 127 1799 1461 1852; baseline 0.002 -14"><span class='ocrx_word' id='word_1_232' title='bbox 127 1802 215 1850; x_wconf 84' lang='lat' dir='ltr'><strong>pius</strong></span> <span class='ocrx_word' id='word_1_233' title='bbox 243 1800 419 1839; x_wconf 86' lang='lat' dir='ltr'><strong>Messana</strong></span> <span class='ocrx_word' id='word_1_234' title='bbox 453 1802 501 1840; x_wconf 86' lang='lat' dir='ltr'><strong>ab</strong></span> <span class='ocrx_word' id='word_1_235' title='bbox 537 1802 752 1841; x_wconf 86' lang='lat' dir='ltr'><strong>obsessione</strong></span> <span class='ocrx_word' id='word_1_236' title='bbox 786 1804 950 1842; x_wconf 86' lang='lat' dir='ltr'><strong>liberata</strong></span> <span class='ocrx_word' id='word_1_237' title='bbox 978 1804 1304 1852; x_wconf 87' lang='lat' dir='ltr'><strong>Syracusanorum</strong></span> <span class='ocrx_word' id='word_1_238' title='bbox 1340 1807 1379 1839; x_wconf 88' lang='lat' dir='ltr'><strong>et</strong></span> <span class='ocrx_word' id='word_1_239' title='bbox 1404 1799 1461 1841; x_wconf 70' lang='lat' dir='ltr'><strong>ca</strong></span> 
     </span>
     <span class='ocr_line' id='line_1_44' title="bbox 128 1861 1448 1911; baseline 0.003 -11"><span class='ocrx_word' id='word_1_240' title='bbox 128 1861 429 1909; x_wconf 84' lang='lat' dir='ltr'><strong>tbaginiensium</strong></span> <span class='ocrx_word' id='word_1_241' title='bbox 457 1875 568 1911; x_wconf 82' lang='lat' dir='ltr'><strong>agros</strong></span> <span class='ocrx_word' id='word_1_242' title='bbox 593 1864 768 1901; x_wconf 83' lang='lat' dir='ltr'><strong>vastavit.</strong></span> <span class='ocrx_word' id='word_1_243' title='bbox 1445 1878 1448 1879; x_wconf 49' lang='lat'><em>⁷</em></span> 
     </span>
    </p>

    <p class='ocr_par' dir='ltr' id='par_1_9' title="bbox 92 1921 1458 2154">
     <span class='ocr_line' id='line_1_45' title="bbox 149 1921 1454 1973; baseline 0.001 -14"><span class='ocrx_word' id='word_1_244' title='bbox 149 1925 151 1927; x_wconf 83' lang='grc'><strong>’</strong></span> <span class='ocrx_word' id='word_1_245' title='bbox 233 1921 337 1960; x_wconf 84' lang='lat' dir='ltr'><strong>Haec</strong></span> <span class='ocrx_word' id='word_1_246' title='bbox 364 1922 542 1971; x_wconf 86' lang='lat' dir='ltr'><strong>Polybius</strong></span> <span class='ocrx_word' id='word_1_247' title='bbox 574 1923 723 1970; x_wconf 76' lang='lat' dir='ltr'><strong>tradit,</strong></span> <span class='ocrx_word' id='word_1_248' title='bbox 770 1925 886 1962; x_wconf 88' lang='lat' dir='ltr'><strong>ceteri</strong></span> <span class='ocrx_word' id='word_1_249' title='bbox 913 1925 1116 1973; x_wconf 83' lang='lat' dir='ltr'><strong>scriptores</strong></span> <span class='ocrx_word' id='word_1_250' title='bbox 1149 1924 1343 1962; x_wconf 89' lang='lat' dir='ltr'><strong>interdum</strong></span> <span class='ocrx_word' id='word_1_251' title='bbox 1376 1922 1454 1971; x_wconf 52' lang='lat' dir='ltr'><strong>abss</strong></span> 
     </span>
     <span class='ocr_line' id='line_1_46' title="bbox 127 1976 1458 2034; baseline 0.001 -15"><span class='ocrx_word' id='word_1_252' title='bbox 127 1980 372 2020; x_wconf 81' lang='lat' dir='ltr'><strong>dissentiunt.</strong></span> <span class='ocrx_word' id='word_1_253' title='bbox 428 1982 584 2022; x_wconf 81' lang='lat' dir='ltr'><strong>Diodori</strong></span> <span class='ocrx_word' id='word_1_254' title='bbox 610 1984 762 2033; x_wconf 88' lang='lat' dir='ltr'><strong>quidem</strong></span> <span class='ocrx_word' id='word_1_255' title='bbox 790 1985 962 2023; x_wconf 88' lang='lat' dir='ltr'><strong>narratio</strong></span> <span class='ocrx_word' id='word_1_256' title='bbox 990 1985 1037 2024; x_wconf 89' lang='lat' dir='ltr'><strong>de</strong></span> <span class='ocrx_word' id='word_1_257' title='bbox 1062 1986 1211 2024; x_wconf 89' lang='lat' dir='ltr'><strong>ratione</strong></span> <span class='ocrx_word' id='word_1_258' title='bbox 1238 1996 1315 2034; x_wconf 88' lang='lat' dir='ltr'><strong>qua</strong></span> <span class='ocrx_word' id='word_1_259' title='bbox 1335 1976 1458 2029; x_wconf 71' lang='lat' dir='ltr'><strong>Roma</strong></span> 
     </span>
     <span class='ocr_line' id='line_1_47' title="bbox 92 2042 1451 2095; baseline 0.001 -15"><span class='ocrx_word' id='word_1_260' title='bbox 92 2090 96 2091; x_wconf 21' lang='lat'><em>⁷</em></span> <span class='ocrx_word' id='word_1_261' title='bbox 129 2042 309 2081; x_wconf 88' lang='lat' dir='ltr'><strong>Messana</strong></span> <span class='ocrx_word' id='word_1_262' title='bbox 335 2043 414 2081; x_wconf 89' lang='lat' dir='ltr'><strong>sint</strong></span> <span class='ocrx_word' id='word_1_263' title='bbox 439 2044 575 2093; x_wconf 85' lang='lat' dir='ltr'><strong>potiti,</strong></span> <span class='ocrx_word' id='word_1_264' title='bbox 617 2058 691 2083; x_wconf 88' lang='lat' dir='ltr'><strong>non</strong></span> <span class='ocrx_word' id='word_1_265' title='bbox 719 2051 866 2089; x_wconf 83' lang='lat' dir='ltr'><strong>exstat.</strong></span> <span class='ocrx_word' id='word_1_266' title='bbox 910 2059 1034 2095; x_wconf 90' lang='lat' dir='ltr'><strong>neque</strong></span> <span class='ocrx_word' id='word_1_267' title='bbox 1060 2047 1100 2084; x_wconf 91' lang='lat' dir='ltr'><strong>in</strong></span> <span class='ocrx_word' id='word_1_268' title='bbox 1127 2046 1224 2084; x_wconf 86' lang='lat' dir='ltr'><strong>Livii</strong></span> <span class='ocrx_word' id='word_1_269' title='bbox 1251 2043 1429 2093; x_wconf 81' lang='lat' dir='ltr'><strong>periocha</strong></span> <span class='ocrx_word' id='word_1_270' title='bbox 1443 2058 1451 2063; x_wconf 54' lang='lat'>²</span> 
     </span>
     <span class='ocr_line' id='line_1_48' title="bbox 127 2098 1431 2154; baseline -0.001 -12"><span class='ocrx_word' id='word_1_271' title='bbox 127 2102 190 2142; x_wconf 86' lang='lat' dir='ltr'><strong>bri</strong></span> <span class='ocrx_word' id='word_1_272' title='bbox 215 2103 307 2142; x_wconf 88' lang='lat' dir='ltr'><strong>XVI</strong></span> <span class='ocrx_word' id='word_1_273' title='bbox 334 2104 417 2141; x_wconf 90' lang='lat' dir='ltr'><strong>eius</strong></span> <span class='ocrx_word' id='word_1_274' title='bbox 451 2104 504 2140; x_wconf 87' lang='lat' dir='ltr'><strong>rei</strong></span> <span class='ocrx_word' id='word_1_275' title='bbox 541 2105 682 2142; x_wconf 88' lang='lat' dir='ltr'><strong>mentio</strong></span> <span class='ocrx_word' id='word_1_276' title='bbox 719 2105 823 2144; x_wconf 84' lang='lat' dir='ltr'><strong>facta</strong></span> <span class='ocrx_word' id='word_1_277' title='bbox 848 2112 922 2150; x_wconf 84' lang='lat' dir='ltr'><strong>est,</strong></span> <span class='ocrx_word' id='word_1_278' title='bbox 970 2098 1225 2144; x_wconf 43' lang='lat' dir='ltr'><strong>Dio‘Cassius</strong></span> <span class='ocrx_word' id='word_1_279' title='bbox 1245 2106 1277 2154; x_wconf 84' lang='grc'><strong>2)</strong></span> <span class='ocrx_word' id='word_1_280' title='bbox 1304 2105 1431 2142; x_wconf 76' lang='lat' dir='ltr'><strong>autem</strong></span> 
     </span>
    </p>
   </div>
   <div class='ocr_carea' id='block_1_9' title="bbox 213 2365 1402 2459">
    <p class='ocr_par' dir='ltr' id='par_1_10' title="bbox 213 2365 1402 2459">
     <span class='ocr_line' id='line_1_49' title="bbox 217 2365 416 2388; baseline 0 0"><span class='ocrx_word' id='word_1_281' title='bbox 217 2365 226 2388; x_wconf 90' lang='grc' dir='ltr'>ι</span> <span class='ocrx_word' id='word_1_282' title='bbox 379 2382 416 2388; x_wconf 84' lang='grc'><strong>.-</strong></span> 
     </span>
     <span class='ocr_line' id='line_1_50' title="bbox 213 2365 1402 2459; baseline 0.002 -10"><span class='ocrx_word' id='word_1_283' title='bbox 213 2365 242 2457; x_wconf 61' lang='lat'><strong>²3</strong></span> <span class='ocrx_word' id='word_1_284' title='bbox 283 2365 483 2450; x_wconf 47' lang='lat' dir='ltr'><strong>birloDitffi’s</strong></span> <span class='ocrx_word' id='word_1_285' title='bbox 492 2367 592 2450; x_wconf 45' lang='grc' dir='ltr'><strong>ἷκε.</strong></span> <span class='ocrx_word' id='word_1_286' title='bbox 626 2418 667 2451; x_wconf 78' lang='lat' dir='ltr'><strong>fr.</strong></span> <span class='ocrx_word' id='word_1_287' title='bbox 689 2420 744 2459; x_wconf 78' lang='lat'><strong>43,</strong></span> <span class='ocrx_word' id='word_1_288' title='bbox 771 2421 881 2452; x_wconf 89' lang='lat'>1-10.</span> <span class='ocrx_word' id='word_1_289' title='bbox 909 2420 961 2452; x_wconf 84' lang='lat' dir='ltr'><strong>ed.</strong></span> <span class='ocrx_word' id='word_1_290' title='bbox 982 2420 1133 2453; x_wconf 81' lang='lat' dir='ltr'><strong>Dindorf.</strong></span> <span class='ocrx_word' id='word_1_291' title='bbox 1239 2419 1266 2457; x_wconf 69' lang='grc'><strong>3)</strong></span> <span class='ocrx_word' id='word_1_292' title='bbox 1308 2418 1402 2459; x_wconf 84' lang='lat' dir='ltr'>VIII,</span> 
     </span>
    </p>
   </div>
  </div>
 </body>
</html>
