1678 2671
689 95 863 159 '733‘

202 402 215 421 “·
245 404 287 443 C.
308 382 498 448 Duellius,
523 403 726 450 postquam
744 399 940 450 Segestam
968 401 1102 439 urbem
1128 400 1178 439 ab
1203 399 1401 439 obsidione
1420 400 1512 440 Poe·

160 477 280 518 &rum
316 462 494 501 liberavit
533 464 573 500 et
599 460 799 499 Macellam
839 461 1020 511 oppidum
1059 462 1310 513 expugnavit,
1353 462 1514 501 Romam

134 522 277 576 rediit,
303 523 368 562 ubi
386 522 494 560 Livio
515 524 542 569 ¹)
568 525 685 570 teste
712 534 825 571 quem
845 521 1020 561 Valerius
1037 523 1228 561 Maximus
1243 523 1290 573 ²),
1317 523 1453 562 Florus
1464 525 1514 571 ³),

143 582 321 642 Aurelius
339 576 471 623 Victor
490 584 522 630 ⁴)
549 582 670 621 secuti
697 585 807 630 sunt,
847 583 1064 634 triumphus
1089 586 1295 634 perpetuus
1322 584 1357 622 ei
1384 584 1513 623 decre-

136 644 208 685 ‘tus
243 649 313 684 est.
378 644 566 682 Columna
601 644 765 693 denique
799 648 968 682 rostrata
1005 645 1045 682 in
1081 645 1220 683 Duellii
1253 644 1435 684 honorem
1469 646 1511 683 in

142 702 225 765 fore
250 705 377 755 posita
402 709 478 750 est,
507 716 637 753 -quam
664 703 706 742 C.
734 703 882 742 Plinius
901 707 934 751 ⁵)
963 717 1003 743 se
1030 705 1170 743 vidisse
1196 705 1301 743 dicit.
1354 705 1429 744 Sed
1454 706 1510 744 in·

138 764 203 807 ter
228 765 401 804 homines
427 764 559 803 doctos
586 777 688 803 nunc
713 767 865 803 constat
884 766 939 812 ⁶),
974 764 1159 812 indicem,
1196 776 1294 814 quae
1320 778 1421 804 nunc
1447 778 1510 804 ex·

65 836 97 878 νζ
140 818 220 865 stat
243 825 291 863 de
317 825 358 863 G.
392 824 529 863 Duellii
553 824 714 863 victoria
739 825 893 872 navali,
937 825 1097 863 Claudio
1133 827 1346 875 imperante
1381 827 1422 864 in
1448 838 1507 864 co·

140 938 339 987 columnae
365 946 482 985 fuisse
498 946 742 997 inscriptam.

244 1009 405 1047 Romani
441 1007 579 1046 Duellii
612 1008 773 1046 victoria
810 1008 901 1046 elati
940 1008 1139 1046 confestim
1176 1007 1223 1045 de
1258 980 1437 1048 Sardinia
1471 1014 1510 1048 et

47 1074 88 1113 ἴς
125 1067 305 1115 'Corsica‘
328 1067 552 1118 occupanda
584 1068 809 1117 inceperunt
834 1069 1020 1118 cogitare,
1065 1080 1181 1116 quam
1208 1068 1256 1105 ob
1283 1081 1362 1106 rem
1401 1073 1508 1108 sexto

107 1117 113 1122 ’
139 1128 230 1169 belli
266 1142 367 1168 anno
402 1129 595 1168 consulem
625 1129 666 1167 L.
695 1130 915 1168 Cornelium
942 1129 1156 1179 Scipionem
1192 1141 1278 1167 cum
1315 1129 1436 1169 classe
1461 1143 1507 1169 eo

65 1193 71 1196 “
139 1183 334 1232 miserunt.
386 1190 524 1227 Mirum
552 1195 632 1236 est,
657 1170 759 1238 quod
787 1190 967 1238 Polybius
994 1190 1093 1227 hanc
1119 1189 1402 1237 expeditionem
1430 1203 1507 1228 non

0 1179 48 1222 εν

0 1236 37 1267 ³²
50 1220 55 1224 ’

0 1276 44 1309 ῗςζ

0 1305 65 1378 ἵ

0 1485 35 1509 '⁶⁴93
44 1492 59 1506 1-

48 1254 80 1290 ss
134 1250 469 1298 commemoravit,
525 1262 624 1300 quae
662 1262 686 1288 a
723 1250 859 1289 ceteris
902 1262 1030 1288 rerum
1068 1248 1318 1299 scriptoribus
1360 1246 1508 1301 prolixe

34 1301 106 1356 ξ’...
127 1315 296 1350 πωπω
321 1316 389 1350 est.
467 1312 512 1350 In
538 1311 636 1350 Livii
663 1312 843 1361 periocha
868 1312 957 1349 libri
985 1311 1095 1350 xvn
1118 1311 1296 1358 legimus,
1341 1311 1383 1349 L.
1414 1312 1504 1351 Cor·

139 1371 283 1410 nelium
318 1371 509 1410 consulem
541 1373 581 1410 iu
609 1372 739 1410 Sicilia
765 1376 804 1411 et
830 1372 985 1410 Corsica
1021 1374 1156 1409 contra
1182 1370 1324 1409 Sardos
1350 1376 1389 1410 et
1416 1372 1506 1410 Cor-

62 1475 67 1477 ,
137 1443 199 1483 sos
224 1437 264 1470 et
291 1432 537 1480 Hannonem,
567 1434 781 1472 Poenorum
808 1434 959 1477 ducem,
993 1432 1158 1470 feliciter
1184 1444 1393 1482 pugnasse5
1430 1433 1507 1472 Eu·

66 1490 74 1500 ⁷
127 1492 286 1542 ‘tropius
305 1494 343 1543 ⁷)
374 1494 472 1532 Livii
498 1495 754 1533 narrationem
781 1495 822 1532 in
849 1495 972 1531 maius
998 1492 1180 1531 extulisse
1206 1492 1376 1539 videtur,
1418 1506 1506 1532 cum

46 1548 69 1572 Ὺ
84 1568 108 1577 ··
139 1553 270 1599 tradat
295 1567 320 1591 a
346 1554 521 1593 Cornelio
555 1555 699 1593 insulas
730 1555 817 1593 illas
852 1557 1020 1592 vastatas
1054 1565 1135 1590 esse
1168 1556 1208 1590 et
1242 1552 1366 1591 multa
1397 1554 1506 1592 milia

139 1608 336 1653 hominm
360 1619 498 1665 capta;
526 1616 661 1654 Florus
678 1616 711 1662 8)
738 1620 952 1664 temporum
979 1614 1129 1651 ratione
1155 1625 1231 1651 non
1258 1613 1392 1652 habita
1417 1619 1506 1665 post

38 1784 45 1791 ,
70 1732 102 1782 {ss
139 1732 237 1773 letas
261 1747 342 1774 esse
369 1741 515 1775 narrat.
590 1737 793 1774 Frontinus
810 1737 848 1785 ⁹)
874 1735 1021 1773 duobus
1046 1734 1140 1772 locis
1164 1733 1284 1772 refert
1309 1735 1506 1785 copiarum

0 1784 85 1856 T}
125 1788 304 1846 partem,
330 1809 446 1845 quam
473 1798 598 1847 Scipio
626 1798 667 1835 in
693 1797 840 1834 insidiis
866 1796 1071 1841 locaverit,
1108 1807 1193 1832 cum
1220 1795 1351 1833 consul
1378 1795 1506 1834 hostes

0 1849 22 1856 '⁴
118 1865 207 1914 -per
233 1857 395 1905 speciem
421 1857 534 1907 fugae
560 1858 671 1906 longe
697 1857 745 1896 ab
765 1856 922 1894 urbibus
949 1855 1183 1900 avocaverit,
1211 1854 1324 1893 urbes
1350 1856 1505 1894 relictas

63 1915 83 1957 ῙΓ
96 1913 114 1970 -J
138 1916 366 1965 oppressisse
393 1922 432 1955 et
457 1918 670 1967 diripuisse.
742 1918 773 1954 E
799 1917 949 1955 Zonara
971 1917 1021 1961 ι0)
1049 1914 1322 1963 comperimus,
1363 1915 1504 1954 Corne·

65 1979 106 2029 23,-
132 1972 233 2014 ‘lium
259 1977 423 2025 primum
441 1978 633 2022 Corsicam
659 1990 878 2027 aggressum
901 1976 1067 2014 Aleriam
1094 1976 1228 2014 urbem
1254 1988 1504 2031 expugnasse,

73 2032 199 2076 et
208 2038 331 2104 totam
361 2038 528 2076 insulam
561 2038 771 2087 subegisse;
816 2037 954 2076 deinde
990 2038 1030 2075 in
1057 2036 1273 2105 Sardiniam
1307 2036 1504 2085 naviganti

166 2258 179 2267 Ν
202 2252 205 2254 .
222 2224 253 2267 ι)
290 2226 349 2259 cfr.
368 2229 512 2269 perioch.
545 2231 568 2262 1.
589 2231 692 2264 XVII.
775 2231 803 2271 ²)
843 2231 908 2272 111,
931 2232 961 2270 6,
981 2231 1012 2262 4.
1095 2230 1124 2268 3)
1167 2240 1199 2271 p.
1213 2231 1264 2262 30.
1284 2229 1335 2261 ed.
1353 2229 1449 2261 Jahn.

78 2307 100 2320 ,Ζ
221 2278 248 2319 ⁴)
289 2283 318 2310 C
343 2279 523 2314 XXXVIII·
608 2283 634 2324 ⁵)
676 2285 743 2314 nat.
765 2283 842 2314 hist.
863 2281 1012 2315 XXXIV.
1035 2282 1088 2313 20.

91 2326 117 2347 *²
143 2341 161 2367 ᾗ
178 2332 180 2335 “
221 2328 250 2369 ⁶)
289 2329 500 2364 ofr.R.itsoh1
521 2334 563 2365 de
582 2334 796 2375 inscriptione
826 2344 911 2374 quae
936 2333 1041 2365 fertur
1062 2333 1233 2364 columnae
1252 2335 1415 2364 rostratae
1436 2332 1503 2364 Du-

74 2375 286 2431 Aelhanae
329 2381 436 2414 Berol.
459 2386 549 2418 1852.
592 2386 727 2419 Bonnae
751 2388 841 2419 1861.
883 2386 1065 2418 Mommsen
1098 2395 1126 2417 0.
1154 2385 1177 2416 1.
1208 2384 1229 2416 1.
1251 2384 1277 2417 Ι
1321 2395 1353 2426 p.
1374 2385 1426 2417 40.
1457 2383 1503 2417 id

68 2434 99 2473 ζ
124 2423 316 2466 Unterital.
334 2428 490 2468 Dialecte.
523 2448 555 2478 p.
576 2440 628 2471 28.
747 2439 775 2479 ⁷)
817 2438 864 2478 11,
887 2440 939 2470 20.
1044 2438 1074 2478 Β)
1116 2447 1146 2477 p.
1169 2438 1220 2469 30.
1252 2437 1302 2469 ed.
1322 2436 1420 2468 Jahn.

68 2477 175 2542 an
220 2483 248 2527 ⁹)
290 2485 355 2527 ΠΙ,
377 2487 414 2527 9,
437 2489 514 2520 4et
535 2491 593 2531 10,
615 2492 647 2523 2
756 2490 797 2532 ¹⁰)
839 2490 1010 2532 v111,11.

792 2569 794 2571 ,
1206 2552 1226 2581 3

122 880 294 929 >lamnae
319 885 402 924 basi
429 897 511 924 esse
537 885 715 932 incisam,
740 889 860 923 antea
885 889 955 924 aut
980 885 1126 924 nullam
1153 890 1223 924 aut
1249 886 1510 925 brevissimam

73 1674 77 1676 ’
140 1669 307 1731 Calatini
340 1677 578 1714 consulatum
613 1689 638 1714 a
663 1676 838 1726 Scipione
864 1675 977 1713 urbes
1004 1674 1155 1712 Olbiam
1179 1678 1219 1711 et
1246 1674 1414 1713 Aleriam
1442 1676 1507 1714 de-
1541 1714 1544 1717 ,
