1678 2671
4 1149 32 1202 {—
125 1170 192 1196 rus
225 1157 321 1208 ipse..
342 1155 423 1195 sine
457 1155 516 1193 ira
550 1158 589 1193 et
624 1155 751 1194 studio
785 1167 847 1194 res
873 1167 1050 1193 narrasse
1078 1156 1247 1204 videtur,
1291 1169 1378 1196 cum
1402 1157 1518 1205 scri-J
1555 1149 1558 1151 J

61 1232 66 1233 ⁷
125 1220 290 1269 ptorem,
334 1228 447 1265 quem
481 1216 520 1253 in
548 1216 707 1265 singulis
741 1215 924 1254 historiae
950 1216 1123 1265 partibus
1147 1220 1300 1254 secutus
1325 1220 1399 1264 est,
1441 1208 1520 1257 ιιιιτἶ

67 2287 75 2289 -
114 2286 195 2308 num
224 2285 245 2309 a
263 2274 410 2307 Diodoro
431 2283 503 2305 esse
530 2274 751 2313 nominatum3
789 2277 824 2306 st
850 2274 913 2306 hoc
938 2275 1011 2306 loco
1031 2274 1211 2305 Philinium
1231 2283 1297 2306 non
1317 2273 1431 2314 tamq'u

59 2352 62 2353 γ
114 2327 241 2380 fontem
262 2325 445 2368 appellavit
465 2325 628 2358 Diodorus
675 2325 734 2358 cfr.
756 2326 859 2358 Cauer
880 2327 922 2359 de
942 2325 1022 2359 font
1045 2325 1167 2369 Agesil.
1189 2336 1222 2368 Ρ.
1237 2326 1299 2360 42

79 227 81 229 ’
101 228 105 230 ’
122 226 127 257 ἶ
133 230 235 277 siut
264 229 352 268 his
365 229 465 276 enim
491 228 617 267 verbis
643 224 803 267 Peter-us
828 212 928 266 mihi
957 212 1128 274 eandem
1154 228 1347 277 sententia

78 316 86 327 ,-
132 281 276 345 ponere
310 289 462 328 videtur
501 300 616 338 quam
634 317 644 335 ‚
702 300 790 327 cum
828 287 1010 339 Polybius
1042 289 1089 327 de
1126 289 1245 330 Fabio
1268 280 1320 332 et
1351 285 1353 287 J

60 347 73 400 j
109 380 119 389 ⁴.
133 351 355 402 protulerit,
399 350 538 388 falsam
571 349 700 398 atoue
716 349 831 388 nimis
856 349 1032 388 acerbam
1059 361 1142 389 esse
1167 352 1421 403 contenditP

128 422 210 451 rus.
296 409 395 457 Quid
413 410 432 447 '?
470 421 554 448 cum
584 420 714 447 omnes
740 411 887 447 veteres
913 410 1118 459 scriptores
1143 399 1316 460 eundem
1333 397 1431 461 οιιῑὸ

34 483 75 508 :-
103 515 106 517 Δ
131 469 412 529 commiserint,
448 482 525 509 non
551 469 642 508 licet
667 469 824 519 singulis
850 469 1099 519 scriptoribus
1116 482 1203 509 eum
1220 456 1387 536 crimini
1412 465 1424 524 J

58 692 71 730 j
128 682 216 711 rum
250 670 493 713 narrationes
528 674 607 710 tam
645 673 728 709 arte
762 671 1039 710 contaminavit
1074 674 1118 710 ut
1144 672 1396 712 commissura
1415 663 1498 714 ulla

128 732 192 772 vix
217 732 394 783 cognosci
420 732 560 783 possit,
593 732 667 771 nisi
695 731 853 770 Diodori
880 731 997 771 Siculi
1024 732 1167 783 scripta
1193 730 1356 773 exstent
1409 732 1498 784 Dio—

70 837 80 840 ,
128 793 245 832 dorus
270 794 372 831 enim
399 794 438 831 in
466 793 566 832 bello
584 793 727 831 Punico
753 792 878 842 primo
899 793 1117 831 enarrando
1144 793 1296 832 eosdem
1321 790 1497 860 auctofe‘}

81 1008 103 1017 -
125 976 180 1013 ris
211 974 419 1013 aestimans
444 973 636 1011 Philinum
666 973 955 1023 Agrigentinum
982 974 1168 1023 optimum
1193 986 1276 1012 esse
1301 977 1495 1021 auctorem

52 1447 57 1450 ‚
121 1448 338 1508 scriptoris,
383 1468 497 1507 quem
522 1460 716 1495 auctorem
743 1457 815 1495 sibi
843 1457 1037 1506 delegerat
1072 1461 1141 1496 aut
1166 1457 1215 1496 ad
1240 1457 1406 1515 verbum,
1424 1458 1490 1514 (1ορ

83 1516 91 1555 J
121 1518 306 1558 scriberet
324 1518 358 1565 ²)
374 1546 383 1563 ,
427 1521 496 1555 aut
520 1520 722 1556 coartaret.
777 1517 819 1555 In
848 1517 984 1564 rebus,
1013 1529 1112 1567 quae
1137 1519 1178 1555 ιιι
1204 1517 1335 1557 Sicilia
1359 1520 1497 1569 gestas

116 2015 256 2050 Diodori
276 2015 312 2046 in
333 2015 508 2046 comment.
530 2023 595 2045 soc.
617 2013 764 2055 Gotting.
785 2024 813 2045 a.
839 2015 930 2047 1782.
952 2025 984 2056 Ρ.
997 2016 1038 2048 89
1061 2016 1095 2047 et
1115 2015 1155 2047 H.
1178 2014 1297 2046 Nissen
1306 2012 1497 2055 Kritischef

116 2067 414 2108 Unoemohungen
434 2065 517 2097 iiber
538 2065 592 2097 die
613 2068 644 2098 4.
666 2077 699 2097 ιι.
721 2068 749 2098 5.
772 2066 903 2099 Decade
924 2067 981 2099 des
1003 2067 1124 2099 Livius.
1149 2068 1239 2106 1863,
1260 2078 1293 2108 p.
1311 2068 1362 2099 40.
1410 2086 1424 2091 f

76 2445 89 2469 ’ς
118 2431 211 2464 1859.
233 2439 266 2472 Ρ.
286 2430 356 2464 125.
399 2428 570 2461 Collmann
589 2429 613 2462 1.
632 2429 657 2467 l.
679 2439 711 2471 p.
726 2431 778 2462 26.

233 550 278 589 Ιιι
292 549 405 590 ,bello
423 550 584 589 Punico
593 550 717 599 primo
743 549 960 588 enarrando
977 549 1166 599 Polybius,
1193 554 1237 589 ut
1262 559 1379 603 supra
1403 554 1500 605 ‘13¹1'-

130 598 236 659 mus,
277 610 438 649 Fabium
465 611 654 649 Pictorem
680 614 719 649 et
745 610 938 649 Philinum
973 610 1099 649 fontes
1125 610 1261 650 habuit
1294 614 1430 662 atque
1435 610 1515 657 a&

125 853 304 893 adhibuit
328 856 446 903 atque
472 852 667 903 Polybius,
695 852 757 890 hic
784 856 929 898 autem,
957 853 1021 902 qui
1048 865 1072 891 a
1099 853 1358 892 Romanorum
1383 857 1505 914 parte

126 915 274 961 stabat,
301 913 423 962 magis
451 913 610 952 Fabium
638 913 893 962 sequebatur,
919 913 983 951 ille
1009 913 1155 952 Siculos
1180 914 1388 963 scriptores
1410 905 1505 966 plu?

126 1035 290 1087 putabat
317 1037 360 1082 ¹).
439 1034 602 1081 Quidam
635 1026 809 1073 homines
841 1034 942 1072 docti
980 1033 1240 1081 affirmarunt,
1288 1032 1494 1075 Diodorum

126 1095 499 1145 Carthaginiensium
528 1098 658 1144 partes
684 1094 901 1144 amplexum
929 1106 1033 1142 esse,
1078 1095 1172 1133 mihi
1197 1098 1325 1133 autem
1356 1094 1493 1135 Diodo·
1517 1124 1544 1131 ..

125 1277 282 1316 verbum
319 1276 544 1326 plerumque
571 1276 836 1325 exscripserit,
879 1276 1035 1324 eiusque
1062 1277 1272 1314 sententias
1297 1279 1496 1326 tamquam

123 1349 213 1377 suas
246 1336 461 1388 protulerit.
532 1336 578 1374 In
605 1336 766 1375 historia
792 1335 994 1375 scribenda
1023 1336 1210 1375 Diodorus
1235 1336 1292 1379 ita
1317 1341 1492 1384 versatus

122 1401 192 1444 est,
219 1401 264 1435 ut
289 1396 322 1435 si
347 1400 487 1447 posset·
502 1397 541 1434 in
568 1397 751 1446 cuiusque
779 1397 911 1446 populi
939 1397 1098 1436 historia
1114 1398 1384 1437 ‘narrationem
1402 1398 1493 1439 veiussu

121 1582 231 1626 sunt,
274 1578 501 1616 enarrandis
534 1577 683 1629 patriae
717 1590 826 1616 amor
852 1590 940 1616 eum
966 1578 1205 1628 potissimum
1230 1578 1409 1619 incitasse
1426 1580 1496 1620 'vis

120 1640 234 1680 detur
264 1642 311 1678 ut
341 1639 545 1689 populares
579 1639 782 1688 scriptores
808 1639 1029 1689 adhiberet,
1073 1639 1204 1688 itaque
1233 1639 1322 1679 belli
1350 1629 1489 1681 Punici

119 1701 236 1760 primi
262 1700 462 1739 historiam
489 1701 609 1737 totam
638 1699 718 1737 fere
744 1711 765 1737 e
785 1699 926 1737 Philini
951 1699 1049 1738 libro
1075 1699 1274 1751 hausit3)·
1265 1731 1275 1748 ‚
1309 1701 1374 1739 sed
1401 1713 1487 1760 cum

118 1774 181 1800 res
206 1761 417 1806 Romanas,
444 1771 543 1809 quae
570 1762 661 1797 ante
684 1759 755 1797 hoc
782 1759 922 1799 bellum
950 1763 1078 1809 gestae
1105 1764 1213 1807 sunt,
1253 1761 1333 1801 fere
1358 1757 1489 1811 omnes

116 1834 167 1860 ex
192 1833 270 1859 uno
296 1820 415 1858 Fabio
439 1820 587 1857 Pictore
621 1819 872 1869 desumpserit
891 1821 948 1867 4),
993 1833 1079 1858 eum
1112 1820 1154 1858 in
1187 1820 1301 1860 huius
1336 1826 1438 1872 quoq
1487 1869 1495 1872 J

204 1913 228 1954 ι)
272 1912 332 1944 cfr.
353 1910 536 1943 Collmanni
557 1910 634 1942 diss.
657 1911 698 1942 de
719 1912 857 1944 Diodori
877 1912 979 1944 Siculi
1000 1911 1158 1944 fontibus.
1182 1908 1274 1944 1869.
1304 1921 1336 1952 Ρ.
1352 1895 1404 1944 63.
1439 1945 1442 1948 Δ

202 1964 230 2005 2)
273 1963 335 1995 cfr.
357 1963 391 1994 G.
412 1962 532 2002 Heynii
559 1964 732 1994 comment.
755 1963 796 1993 de
824 1962 971 1994 fontibus
1001 1966 1035 1994 et
1058 1963 1247 1995 auctoribus
1275 1958 1495 2001 histor-intuma

201 2120 227 2160 ³)
269 2119 322 2152 bis
349 2118 394 2150 ad
414 2117 538 2149 Philini
567 2118 797 2149 auctoritatem
824 2121 982 2159 provocat
1002 2119 1164 2151 Diodorus
1186 2118 1312 2163 XXIII,
1333 2119 1372 2158 8,
1388 2118 1425 2150 7

115 2172 235 2213 XXIV,
260 2170 372 2212 11,1;
403 2169 503 2202 tertio
530 2179 658 2210 quoque
685 2169 758 2202 loco
779 2170 906 2206 XXIII.
937 2172 986 2211 17,
1018 2180 1083 2212 quo
1103 2168 1257 2202 librarius
1279 2168 1429 2243 quidam

115 2235 191 2258 rore
213 2226 330 2266 captus
354 2223 511 2257 Φίλιστος
539 2222 685 2263 scripsit,
720 2222 867 2254 homines
888 2223 978 2255 docti
1004 2225 1094 2255 recte
1122 2222 1352 2262 affirmarunt,
1425 2225 1427 2227 ’

180 2376 226 2420 4)
269 2378 330 2411 cfr.
350 2376 526 2409 Niebuhrii
546 2377 623 2410 hist.
644 2378 737 2410 Rom.
759 2379 800 2419 ΙΙ,
818 2381 888 2411 192.
929 2378 990 2411 Th.
1011 2373 1207 2410 Mommseni
1227 2377 1320 2410 Rom.
1329 2361 1419 2408 Chre
