1678 2671
123 247 257 313 ssantes
275 219 442 293 ¹indicem
455 279 465 297 ,
507 261 537 287 e
553 248 692 299 quibus
717 210 775 286 illi
800 245 1008 299 scriptores
1033 262 1163 288 rerum
1189 249 1230 288 in
1256 248 1357 288 bello
1383 216 1499 287 Puni-

201 310 330 365 prim'o
352 313 546 360 gestarum
573 309 814 347 narrationes
841 310 1049 347 hauserint.

128 401 132 404 -
165 415 169 418 ,
234 373 420 414 Causam,
454 381 523 408 cur
548 368 689 407 bellum
709 368 891 408 Punicum
917 370 1082 420 primum
1091 350 1320 417 ‘exstiterim
1355 373 1500 408 veteres

130 423 333 485 scriptores
350 430 517 469 afferunt
534 428 666 467 foedus
677 465 685 478 ‚
712 430 813 478 quod
830 430 929 468 iuter
946 430 1136 470 Romanos
1153 434 1193 469 et
1207 430 1501 481 Carthaginien2

90 509 98 512 ·
115 488 191 535 <ses
205 492 307 533 vanno
325 504 349 530 a
364 491 406 529 C.
422 503 459 528 n.
477 489 626 528 CCCVI
644 491 762 528 ictum
780 494 848 538 est,
882 495 948 529 aut
967 504 991 528 a
1010 492 1191 529 Romanis
1210 495 1278 529 aut
1296 504 1320 529 a
1338 490 1501 530 Cartha-

109 552 120 578 3'
130 553 361 606 giniensibus
380 563 460 589 esse
479 550 672 589 violatum.
720 551 776 589 Ex
802 552 952 590 foedere
979 553 1078 590 enim
1106 552 1170 590 illo
1189 552 1351 590 Romani
1368 552 1499 591 Sicilia

61 610 77 665 ‘j
93 612 119 649 33-
131 617 320 655 abstinere
338 611 539 656 debebant,
558 615 685 649 tamen
704 616 743 650 et
757 624 842 650 cum
857 612 1032 658 Hierone,
1046 612 1372 661 Syracusanorum
1390 613 1498 660 duce,

102 671 107 676 ’
132 673 265 716 foedus
289 673 462 712 fecerunt
488 676 526 710 et·
547 672 760 710 Messanam
787 676 1086 722 occupaverunt,
1127 684 1242 722 quam
1269 672 1316 711 ob
1342 684 1498 711 causam

70 744 72 747 “
131 735 303 783 Philinus
327 735 359 782 ¹)
393 746 417 770 a
444 733 622 771 Romanis
654 733 795 771 bellum
821 732 1026 771 conflatum
1051 745 1141 770 -esse
1177 733 1352 780 affirmat.
1423 734 1498 771 Ro-

38 813 51 829 ·:
87 845 90 847 ‚
132 795 236 835 mani
272 797 407 833 contra
441 805 465 831 a
493 792 870 843 Carthaginiensibus
902 792 1034 831 foedus
1069 793 1366 847 esserviolatum
1411 806 1498 833 con-
1543 783 1550 794 ³

132 851 345 904 tenderunt,
379 854 480 905 quod
502 867 555 893 ex
583 855 754 905 Ampelio
773 856 806 902 2)
835 855 1104 904 comperimus,
1132 855 1197 904 qui
1223 855 1316 894 dicit
1341 867 1495 894 causam

0 925 63 963 ’9
132 922 256 957 motus
290 920 357 965 (sc.
394 915 484 953 belli
519 916 652 952 Punici
687 916 813 964 primi)
849 916 1047 964 praetendi
1076 915 1291 965 duplicem,
1335 917 1496 954 alteram

2 975 16 1024 J
115 979 239 1031 {quod
259 977 594 1028 Carthaginienses
620 975 837 1015 Tarentinis
863 975 1074 1016 adfuissent
1093 990 1162 1024 —;
1204 983 1326 1028 quam·
1346 981 1497 1017 senten-

105 1086 108 1087 ?
132 1041 226 1079 tiam
252 1040 300 1078 ab
329 1039 501 1088 Ampelio
526 1051 546 1076 e
566 1038 679 1076 Livio
706 1050 786 1076 esse
813 1038 1053 1087 desumptam
1092 1039 1181 1076 inde
1209 1039 1385 1088 colligere
1409 1052 1497 1089 pos-

0 1091 33 1156 {J'
52 1109 59 1116 ··
131 1113 274 1147 sumus,
300 1099 404 1149 quod
432 1098 560 1137 Livius
570 1100 602 1146 ³)
623 1099 850 1136 Hannonem
878 1097 1021 1136 dixisse
1048 1098 1191 1137 refert:
1223 1100 1311 1147 „sed
1332 1100 1503 1140 Tarento·

131 1161 172 1200 id
197 1165 256 1200 est
282 1161 415 1207 Italia,
442 1172 517 1198 non
547 1159 852 1197 abstinueramus
877 1173 924 1196 ex
949 1159 1111 1197 foedere.
1120 1163 1138 1180 ‘⁶
1193 1160 1263 1198 Dio
1291 1160 1443 1199 Cassius
1461 1164 1495 1209 ⁴)

132 1221 295 1270 denique
321 1225 360 1258 et
386 1221 451 1269 qui
479 1233 565 1258 eum
591 1220 640 1258 ad
668 1221 820 1258 verbum
848 1220 1050 1269 exscripsit
1076 1221 1244 1258 Zonaras
1259 1223 1291 1269 ⁵)
1319 1215 1413 1260 haec
1439 1222 1497 1260 di-

131 1286 240 1320 cunt:
268 1278 391 1320 αἰτίαι
408 1279 583 1331 ἐγένοντο
600 1283 668 1333 τῆς
686 1279 787 1332 πρὸς
804 1278 993 1332 αλλήλους
1010 1281 1200 1332 διαφορᾶς
1216 1283 1300 1327 τοῖς
1316 1281 1388 1330 μὲν
1402 1279 1495 1321 Ῥω-

129 1340 262 1391 μαίοις
286 1339 348 1380 ὅτι
373 1340 632 1393 Καρχηδόνιοι
657 1344 742 1387 τοῖς
770 1339 1021 1392 Ταραντίνοις
1045 1339 1269 1393 ἐβοήθησαν
1287 1371 1297 1390 ,
1334 1345 1418 1389 τοῖς
1452 1343 1497 1383 δὲ

131 1400 412 1455 Καρχηδονίοις
446 1399 508 1441 ὅτι
530 1400 713 1452 Ῥωμαῖοι
738 1400 873 1454 φιλίαν
899 1405 954 1453 τῷ
975 1399 1115 1453 Ἱέρωνι
1142 1401 1371 1452 συνέθεντο,
1418 1416 1496 1454 qua

4 1499 6 1501 .
131 1462 171 1503 in
199 1465 420 1503 narratione
454 1469 492 1503 et
526 1477 624 1514 quae
658 1465 831 1502 Philinus
868 1469 908 1501 et
939 1476 1039 1513 quae
1074 1465 1203 1502 Livius
1242 1466 1494 1512 tradiderunt,

0 1517 50 1568 ’,ἲ-,ζ
66 1536 89 1561 ἃ
130 1518 389 1564 contaminata
415 1529 527 1572 sunt;
570 1526 700 1576 itaque
727 1530 794 1564 aut
820 1529 955 1576 putare
981 1538 1182 1576 possumus
1208 1538 1232 1563 a
1261 1526 1380 1565 Dione
1410 1526 1495 1565 Phi-

0 1590 59 1636 ἐς
131 1586 201 1625 11111
226 1591 265 1624 et
291 1587 386 1624 Livii
414 1587 531 1625 libros
557 1599 636 1625 esse
664 1587 871 1636 inspectos,
914 1591 983 1624 aut
1009 1587 1107 1624 Livii
1142 1591 1182 1624 et
1209 1587 1387 1634 Diodori,
1427 1589 1494 1638 qui

3 1641 7 1648 ‘
58 1658 61 1659 ⁷
91 1638 94 1641 ⁸
130 1646 291 1685 fortasse
317 1647 422 1685 illam
450 1659 601 1697 quoque
629 1648 905 1694 narrationem,
944 1647 1135 1684 Philinum
1163 1651 1333 1694 secutus,
1374 1649 1495 1687 tradi·

94 1752 97 1753 ⁷
132 1699 248 1755 derit,
275 1707 423 1756 libros,
462 1712 531 1747 aut
557 1709 720 1758 denique
747 1708 970 1757 scriptorem
998 1708 1188 1757 quendam
1216 1721 1240 1746 a
1267 1709 1388 1748 Dione
1414 1722 1495 1749 esse

130 1766 362 1815 adhibitum,
406 1769 473 1817 qui
507 1770 603 1807 duas
642 1769 730 1806 illas
768 1769 1010 1806 narrationes
1049 1769 1270 1806 coniunctas
1310 1771 1492 1808 narravit.

7 1829 73 1882 ἥξω
130 1827 211 1867 Has
243 1828 332 1867 belli
366 1841 501 1868 causas
535 1830 651 1868 fuisse
685 1829 847 1869 Romani
880 1833 926 1868 et
960 1828 1296 1878 Carthaginienses
1331 1830 1494 1870 affirma-

7 1876 81 1935 ³²⁷⁷”²·-4
131 1893 239 1936 runt,
280 1891 344 1928 sed
373 1894 474 1929 recte
502 1891 573 1928 Dio
601 1891 754 1929 Cassius
773 1893 810 1941 6)
837 1891 1027 1928 addidisse
1054 1891 1147 1928 mihi
1175 1891 1347 1930 videtur:
1394 1889 1494 1930 ἀλλὰ

130 1951 263 1990 ταῦτα
286 1949 375 1999 μέν,
422 1948 487 1989 οιά
512 1964 592 1989 που
619 1949 840 2004 πεφύκασιν
865 1964 903 1988 οι
929 1953 986 2001 τῷ
1010 1949 1081 1999 μὲν
1107 1947 1203 2002 ε’ργῳ
1229 1949 1412 1990 πλεῖον’
1394 1967 1494 2001 εχειν

62 2014 76 2062 ,ζ
98 2004 109 2011 'i
129 2008 372 2084 βουλόμενοι,
406 2010 476 2064 τὴν
503 2013 546 2053 δὲ
572 2010 689 2061 δόξαν
715 2009 834 2052 αὐτοῦ
861 2009 1143 2061 αἰσχυνόμενοι,
1183 2010 1350 2064 σκήψεις
1375 2012 1492 2054 ἐποι-

68 2116 71 2117 ⁷
102 2072 257 2119 suffio·
281 2069 304 2122 ἦ
332 2072 375 2110 δὲ·
400 2068 570 2124 αλήθεια
601 2070 770 2120 ἄλλως)
753 2072 841 2121 ε’χει,
875 2071 1077 2121 δυνάμενοι
1109 2071 1180 2123 γὰρ
1207 2071 1249 2111 ἐκ
1277 2074 1428 2112 πολλοῦ
1452 2088 1491 2113 οι

214 2206 240 2246 l)
282 2206 342 2238 cfr.
363 2207 475 2248 Polyb.
495 2209 559 2248 III,
581 2211 641 2248 26,
664 2212 693 2240 1.

213 2257 241 2297 2)
280 2257 315 2289 111
335 2258 413 2290 libri
432 2261 630 2292 memorialis
652 2270 721 2301 cap.
746 2261 850 2294 XLVI
863 2285 871 2301 ‚
894 2262 923 2293 2.

72 2352 76 2355 ι
108 2350 110 2353 .
213 2309 242 2348 3)
285 2309 378 2351 XXI,
402 2313 450 2353 10,
473 2315 502 2345 8.
560 2314 619 2346 cfr.
639 2324 723 2354 quae
742 2314 777 2345 in
797 2313 883 2345 Livii
908 2313 1062 2353 periocha
1082 2314 1104 2344 l.
1121 2314 1197 2348 XIV
1219 2316 1349 2346 exstant
1368 2315 1490 2348 verba:

129 2359 445 2401 carthaginiensium
466 2364 579 2396 elassis
601 2365 723 2397 auxilio
744 2365 929 2396 Tarentinis
950 2366 1060 2404 venit,
1089 2375 1154 2405 quo
1177 2365 1266 2398 facto
1288 2366 1330 2397 ab
1350 2366 1402 2397 his
1423 2366 1490 2398 foe-

116 2408 370 2453 gduirssviolatum
393 2415 453 2445 est.

121 2457 123 2459 ’
176 2470 183 2471 ff
214 2463 240 2504 ⁴)
281 2463 322 2496 fr.
345 2466 397 2505 43,
422 2467 449 2498 1.
472 2460 693 2501 ed.1‘)indorf.

212 2514 241 2555 ⁵)
281 2515 378 2553 Vm,
402 2517 433 2549 8,
670 2520 700 2562 65
735 2520 799 2562 frg.
820 2522 873 2560 43,
897 2523 925 2552 1.

1179 2581 1218 2613 2*
