1678 2671
68 232 86 252 ‘²
126 197 248 276 ,lianc
274 213 602 269 narratiunculam
627 230 762 280 gentis
787 231 964 271 Valeriae
1000 232 1271 272 falsamentum
1297 245 1378 273 esse
1404 235 1514 282 dixit,

130 290 251 341 ἶ(1111111
275 289 453 330 Valerius
472 290 608 328 Antias
634 291 836 330 annalibus
859 292 1073 333 inseruerit.
1126 295 1232 333 Fasti
1258 295 1411 344 quidem
1441 295 1514 334 Ca—

144 350 298 403 'pitoliui
336 350 558 400 plerumque
596 352 735 390 summi
774 356 865 391 sunt
903 355 1103 402 momenti,
1148 356 1215 394 sed
1251 367 1326 394 non
1366 345 1515 406 semper

146 412 357 462 incorrupti
382 414 482 448 sunt·-
556 412 771 462 Cognomen
800 414 999 453 Messallae
1027 417 1189 454 fortasse
1214 417 1290 455 iam
1318 421 1409 456 ante
1435 417 1514 456 bel·

146 473 226 513 lum
242 474 249 480 ”
268 471 450 511 Punicum
490 472 656 521 primum
695 474 869 514 Valeriae
907 477 1010 525 genti
1046 477 1141 524 fuit,
1194 477 1330 516 deinde
1371 480 1513 525 autem,

146 547 233 573 cum
260 533 324 571 M!
351 532 526 571 Valerius
559 534 600 572 in
635 535 765 574 Sicilia
798 538 1062 586 imperaverit,
1109 542 1264 588 propter
1295 538 1513 577 similitudi-

76 601 107 632 22
144 588 233 634 nem
259 593 454 632 nominum
482 595 663 634 Messalla
696 609 720 634 a
748 597 924 635 Messana
949 598 1162 636 derivatum
1195 602 1263 636 est
1304 622 1340 628 -
1398 598 1511 636 Deni-

138 668 219 707 ‘qne
246 658 391 707 Aurelii
419 660 582 700 Victoris
607 671 714 697 error
740 659 930 697 notandus
956 663 1031 706 est,
1076 660 1143 708 qui
1169 659 1217 698 ab
1248 661 1369 722 Appio
1397 659 1511 698 Clau·

81 716 87 750 Ϊ
144 720 208 768 (110
250 722 327 760 iam
366 723 573 772 Syracusas
611 721 650 757 in
686 720 942 758 Romanorum
982 720 1164 758 ditionem
1209 733 1290 758 esse
1333 721 1511 759 redactas
1552 714 1555 715 ⁷

144 782 272 822 refert.

0 883 19 886 a.
245 845 375 884 Tertio
401 845 489 884 belli
515 857 617 883 anno
646 844 892 893 Agrigentum
925 855 949 880 a
975 843 1158 881 Romanis
1183 847 1444 892 oppugnatum
1469 846 1510 883 et

0 905 38 945 ’ᾧ
66 912 95 943 J·
145 909 404 955 expugnatum
431 909 499 944 est.
552 905 647 943 Rem
674 904 821 954 prolixe
848 907 980 941 narrat
1008 903 1186 953 Polybius
1210 906 1256 949 ¹);
1305 903 1459 942 Diodori
1478 905 1510 951 ²)

112 967 316 1005 «narratio
341 966 389 1005 de
415 967 486 1005 hac
512 965 792 1016 expugnatione
818 968 900 1003 tota
926 965 1005 1002 iere
1032 964 1297 1011 desideratur3
1321 960 1436 1013 ‘quae
1462 976 1510 1002 ex

52 1031 57 1039 '
82 1019 94 1041 ⁷
143 1026 213 1064 illa
247 1031 472 1077 supersunt,
516 1027 778 1065 demonstrare
805 1024 900 1063 mihi
927 1025 1122 1072 videntur,
1168 1025 1361 1064 Philinum
1393 1024 1509 1063 fuisse

60 1134 73 1139 Α
145 1087 303 1126 Diodori
328 1091 535 1127 auctorem.
600 1087 797 1137 Polybius,
833 1087 899 1136 (1111
925 1086 965 1124 111
991 1086 1089 1124 hanc
1114 1099 1195 1124 rem
1222 1086 1508 1135 diligentissime

0 1160 3 1168 ·
77 1146 85 1163 ⁵
142 1147 383 1197 inquisivisse
410 1148 579 1197 videtur,
625 1148 718 1186 dicit
746 1148 993 1197 Agrigentum
1027 1148 1130 1184 intra
1157 1146 1230 1184 VII
1265 1158 1413 1185 menses
1446 1158 1508 1185 ca-

79 1223 83 1224 ’
143 1210 253 1258 ptum
287 1220 388 1256 esse,
436 1209 623 1248 Diodorus
663 1214 791 1247 autem
832 1208 949 1247 refert
986 1220 1055 1257 per
1082 1207 1135 1245 VI
1171 1210 1324 1246 tantum
1360 1219 1509 1246 menses

145 1270 394 1318 Agrigentum
420 1283 444 1307 a
470 1271 652 1308 Romanis
678 1283 759 1308 esse
785 1270 995 1314 obsessum,
1040 1281 1137 1317 quae
1165 1268 1293 1306 variae
1320 1269 1508 1307 narratio-

96 1333 107 1355 ’ῑ
124 1375 127 1377 Α
143 1342 212 1368 nes
236 1333 365 1369 tamen
390 1330 491 1369 inter
517 1343 557 1370 se
584 1343 755 1381 pugnare
782 1330 875 1368 mihi
902 1342 976 1367 non
997 1329 1183 1367 videntur.
1234 1329 1389 1379 Polybio
1408 1329 1508 1368 enim

144 1394 240 1429 teste
269 1392 442 1430 consules
476 1405 552 1431 non
587 1393 719 1431 statim
746 1392 878 1430 urbem
906 1391 1262 1437 circumvallarunt,
1306 1391 1371 1430 sed
1397 1403 1510 1440 agros

133 1455 293 1503 ,tantum
319 1457 529 1491 vastarunt.
602 1453 747 1491 Deinde
774 1464 860 1490 cum
888 1452 1002 1490 Poeni
1035 1452 1139 1490 intra
1165 1464 1294 1490 muros
1330 1464 1370 1490 se
1405 1464 1508 1490 rece-

125 1513 301 1563 pissent,
348 1514 511 1552 Romani
537 1514 684 1553 duobus
709 1514 846 1553 castris
872 1526 896 1551 a
922 1513 1069 1552 duabus
1096 1513 1201 1552 urbis
1235 1513 1410 1563 partibus
1444 1525 1508 1552 ex-

143 1574 297 1612 structis
323 1574 508 1624 fossisque
535 1581 574 1614 et
599 1576 711 1614 vallis
736 1577 838 1615 inter
863 1588 902 1614 se
936 1575 1075 1613 iunctis
1107 1575 1248 1613 iustam
1275 1575 1507 1613 obsidionem

141 1634 406 1682 instituerunt;
446 1635 633 1674 Diodorus
660 1650 746 1675 cum
772 1637 874 1674 intra
900 1635 953 1674 VI
980 1648 1128 1674 meuses
1155 1636 1287 1674 urbem
1315 1647 1508 1686 oppugna-

0 1736 10 1747 „
74 1689 96 1697 ”
142 1689 221 1732 tam
249 1707 330 1733 esse
356 1695 480 1742 dicat,
525 1699 707 1748 temporis
744 1698 928 1748 spatium,
969 1709 1045 1746 quo
1072 1696 1233 1735 Romani
1261 1698 1508 1747 Agrigentum

0 1776 40 1802 ς
140 1755 310 1794 11011ᾶ11111
336 1758 669 1798 circumvallatum
695 1759 933 1805 habuerunt,
960 1758 1129 1797 omisisse
1157 1757 1317 1797 videtur.
1347 1781 1392 1786 —
1435 1757 1507 1797 Dio

142 1815 313 1874 Cassius,
357 1819 467 1868 cujus
499 1822 671 1860 narratio
706 1821 857 1859 nonnisi
891 1821 929 1859 in
959 1820 1129 1859 Zonarae
1164 1820 1368 1858 annalibus
1385 1821 1415 1868 3)
1444 1833 1506 1860 ex-

139 1880 240 1925 stat,
281 1879 351 1917 hoc
377 1879 459 1919 loco
486 1881 637 1920 Livium
661 1885 813 1921 secutus
839 1894 919 1920 esse
946 1881 1115 1928 videtur,
1143 1894 1246 1928 cum,
1274 1894 1506 1931 quamquam

75 1985 77 1987 ι
139 1951 162 1977 e
187 1939 284 1977 Livii
323 1940 443 1990 ipsius
470 1943 691 1982 narratione
718 1943 814 1982 nihil
842 1946 1030 1993 superest,
1078 1942 1171 1980 satis
1197 1955 1283 1980 cum
1310 1942 1443 1981 orosio
1460 1946 1504 1991 ⁴),

15 2026 72 2047 e
115 1999 205 2049 -qui
231 2003 276 2037 ut
302 2012 418 2050 supra
445 2002 629 2048 diximus,
657 2004 806 2042 Livium
831 2016 950 2041 unum
975 2004 1170 2051 sequitur,
1207 2003 1400 2050 concinat;
1443 2004 1506 2042 Li-

0 2075 39 2120 s
58 2064 86 2111 {21
129 2059 221 2116 *rius
247 2063 376 2099 autem
401 2062 483 2112 ipse
511 2064 619 2103 Fabii
655 2064 857 2103 annalibus
882 2076 973 2102 usus
999 2076 1079 2102 esse
1105 2064 1275 2110 videtur,
1321 2076 1406 2103 cum
1434 2064 1504 2104 Po-

61 2117 83 2176 }
139 2120 251 2168 lybii,
290 2120 431 2169 orosii,
475 2125 647 2163 Zonarae
672 2126 915 2163 narrationes
942 2124 989 2162 de
1016 2124 1125 2162 nulla
1158 2137 1199 2162 re
1231 2125 1403 2172 graviore
1429 2125 1505 2164 dis-

61 2179 304 2238 -ὲξῇρπερεηῇ
372 2182 580 2223 Praeterea
606 2185 779 2224 Frontini
799 2187 831 2234 ⁵)
845 2185 1031 2228 ¹narratio
1058 2185 1105 2223 de
1133 2185 1278 2236 proelio
1304 2185 1405 2224 inter
1430 2185 1505 2224 Ro-

61 2279 78 2300 3
96 2246 102 2275 ἰ
118 2243 271 2300 manos
310 2246 350 2282 et
384 2244 532 2287 Poenos
573 2247 676 2297 apud
713 2246 960 2297 Agrigentum
993 2247 1193 2286 commisso
1228 2259 1384 2297 prorsus
1417 2259 1503 2285 cum

138 2303 194 2342 eis
220 2304 403 2351 concinit,
445 2319 544 2355 quae
571 2308 741 2347 Zonaras
767 2320 814 2346 ea
839 2307 887 2346 de
914 2320 955 2346 re
982 2307 1163 2354 tradidit,
1196 2320 1274 2357 qua
1300 2320 1341 2346 re
1367 2308 1503 2347 confir·

223 2442 325 2482 ι),,1,
350 2442 398 2474 19.
502 2443 529 2483 ²)
572 2444 699 2486 xxm,
721 2447 752 2478 s.
787 2445 1009 2478 ed.Dindo1-f.
1114 2446 1142 2484 3)
1188 2446 1276 2486 vm,
1302 2447 1349 2478 ιο.

180 2546 183 2548 q
220 2493 248 2534 ⁴)
289 2493 395 2534 ΠΛ.
499 2495 526 2534 ⁵)
567 2496 725 2537 11,1,4.
