1678 2671
812 110 860 148 13

127 207 342 269 fp'nbimus,
407 202 601 246 Pluessius
635 207 668 254 ¹)
700 209 802 244 certe
840 206 1004 253 erravit,
1046 197 1134 245 cum
1167 205 1275 244 dicat
1308 203 1458 243 Livium
1490 216 1511 242 e

61 283 70 290 κ
90 260 96 266 ’
117 260 278 320 &Gaelio
306 268 507 337 Antipatro
539 265 632 305 belli
659 265 793 304 Punici
818 266 931 316 primi
958 266 1219 305 narrationem
1247 265 1512 315 desumpsisse,

147 328 352 369 Meltzerus
371 331 403 377 2)
438 329 540 368 euim
574 330 677 366 recte
703 326 958 367 demostrasse
985 328 1078 367 mihi
1106 328 1280 373 videtur,
1328 340 1353 366 a
1379 326 1509 366 Caelio

118 412 121 413 ν
148 391 353 441 Antipatro
389 390 485 428 nihil
521 389 593 426 nisi
628 388 770 426 bellum
806 389 990 427 Punicum
1027 389 1236 427 secundum
1271 400 1353 427 esse
1380 399 1513 425 narra-

148 453 244 491 tum.

184 531 188 533 -
249 511 343 550 Inde
377 522 401 548 a
427 509 525 548 Livii
559 511 730 559 tempore
761 521 830 558 per
856 510 1052 560 complura
1078 509 1231 548 saecula
1263 509 1343 547 fere
1370 520 1512 556 omnes,

0 569 71 621 {ir‘j
148 571 217 622 qui
241 571 287 611 de
312 571 426 610 rebus
452 569 635 608 Romanis
660 571 912 620 scripserunt,
958 571 1070 609 unius
1095 570 1193 608 Livii
1221 570 1381 620 vestigia
1407 581 1510 619 pres-

0 630 49 682 ζῇ
146 636 300 679 serunt;
336 631 511 672 Valerius
546 630 736 669 Maximus
772 644 922 681 quoque
939 661 948 678 ,
975 643 1207 680 quamquam
1244 644 1321 670 uno
1359 633 1512 669 tantum

64 702 66 704 “
114 698 118 699 ’
147 692 231 732 loco
268 705 308 731 se
333 692 484 730 Livium
522 694 717 729 auctorem
756 696 926 729 secutum
967 704 1048 729 esse
1084 692 1182 729 dixit
1199 693 1251 739 3),
1301 691 1513 741 permultas

82 753 85 755 ’
149 754 389 793 narrationes
434 764 481 790 ex
524 764 569 790 eo
609 751 737 790 hausit
762 753 824 801 4);
877 752 942 790 sed
978 764 1063 790 cum
1101 752 1196 790 nihil
1231 751 1304 790 nisi
1339 751 1515 802 exempla

142 815 346 860 vitiorum,
381 813 586 859 virtutum,
620 825 788 859 morum,
824 813 1088 850 institutorum
1116 825 1163 850 ex
1188 813 1349 851 historia
1375 812 1512 850 Roma-

149 886 285 913 norum
324 877 617 923 exterarumque
654 874 822 922 gentium
860 873 1037 923 colligere
1073 873 1206 920 vellet,
1260 872 1410 923 singula
1445 875 1513 911 aut

148 935 253 973 dicta
276 938 355 983 ⁴aut
390 934 514 980 facta,
559 946 657 983 quae
690 934 950 972 illustrissima
976 937 1190 983 aucupatus
1217 937 1314 979 est,·
1338 946 1358 972 e
1385 933 1512 972 media

150 986 275 1035 rerum
316 995 536 1033 narratione
563 994 774 1043 desumpsit
809 997 925 1043 atque
962 998 1030 1032 aut
1070 995 1154 1044 ipsa
1192 995 1359 1032 auctoris
1396 994 1513 1032 verba

150 1055 327 1102 retinuit,
372 1058 440 1093 aut
473 1055 608 1093 leviter
633 1068 678 1094 ea
704 1056 877 1093 mutavit.
948 1055 1069 1104 Saepe
1097 1055 1249 1104 quidem
1274 1055 1315 1093 in
1342 1054 1511 1104 priorum

132 1115 142 1152 Ῑ
152 1116 380 1164 scriptorum
416 1115 524 1153 libris
550 1115 796 1164 excerpendis
832 1127 980 1153 summa
1013 1115 1245 1164 negligentia
1277 1118 1392 1163 atque
1425 1126 1513 1163 pra-

150 1175 304 1214 vissima
342 1175 514 1214 socordia
548 1188 640 1214 usus
674 1179 751 1222 est,
795 1179 922 1214 tamen
950 1175 1095 1214 Valerii
1122 1175 1279 1213 Maximi
1314 1175 1401 1214 libri
1435 1188 1509 1214 non

151 1249 307 1286 prorsus
334 1236 576 1285 improbandi
603 1239 692 1274 sunt
706 1266 715 1284 ,
741 1250 828 1275 cum
854 1249 1129 1286 nonnunquam
1157 1239 1328 1285 priorum
1354 1236 1514 1285 scripto-

151 1309 235 1337 rum
261 1297 501 1336 narrationes
527 1297 773 1346 contineant,
806 1309 904 1349 quae
931 1298 1044 1337 aliter
1071 1297 1289 1348 deperditae
1316 1301 1451 1336 essent.

253 1358 483 1406 Diligentius
509 1363 625 1408 atque
651 1361 868 1398 accmatius
895 1360 936 1398 O.
957 1360 1102 1398 Plinius
1128 1360 1245 1404 libros
1270 1359 1317 1397 de
1343 1358 1512 1397 naturali

151 1407 311 1457 historia
337 1419 582 1469 conscripsit,
617 1420 892 1470 permultorum
919 1421 1145 1470 scriptorum
1173 1432 1289 1470 opera
1314 1419 1512 1469 excerpsit,

150 1479 217 1517 sed
255 1491 341 1517 cum
380 1492 401 1517 e
427 1483 599 1518 veterum
632 1481 906 1520 consuetudine
937 1481 1123 1519 bonorum
1154 1484 1194 1518 et
1225 1480 1413 1519 malorum
1445 1491 1510 1518 au·

107 1577 112 1582 ,
150 1543 296 1578 ctorum
324 1541 566 1579 narrationes
592 1541 911 1580 contaminaverit
948 1545 1064 1591 atque
1097 1542 1198 1579 inter
1233 1553 1273 1579 se
1307 1541 1511 1587 miscuerit,

150 1599 264 1638 Plinii
290 1613 440 1650 quoque
465 1603 676 1641 auctoritas
702 1606 785 1641 tota
811 1602 953 1653 pendet
977 1614 1024 1640 ex
1050 1602 1289 1649 auctoribus,
1315 1614 1410 1652 quos
1436 1602 1511 1641 sin-

151 1660 249 1709 gulis
274 1660 367 1698 locis
392 1665 544 1700 secutus
570 1666 639 1701 est.
704 1665 754 1700 At
779 1664 884 1700 dicat
910 1662 1072 1700 fortasse
1099 1663 1238 1712 aliquis
1264 1663 1431 1700 Plinium
1456 1663 1512 1712 ip·

152 1732 235 1759 sum
265 1720 389 1760 fontes
423 1734 510 1761 suos
543 1727 721 1767 accurate
753 1724 792 1762 in
828 1724 952 1773 primo
985 1723 1168 1761 historiae
1195 1723 1382 1761 naturalis
1414 1723 1512 1762 libro

148 1781 355 1830 indicasse,
391 1783 523 1833 itaque
550 1784 630 1823 eius
656 1779 927 1823 auctoritatem
953 1776 1140 1823 facillime
1155 1784 1358 1823 diiudicari
1390 1796 1511 1835 posse.

151 1841 227 1881 Sed
257 1842 306 1884 H.
342 1843 534 1882 Brunnius
577 1847 719 1895 optime
757 1846 1035 1884 demonstravit
1054 1848 1088 1892 5)
1107 1874 1116 1892 ‚
1160 1838 1325 1883 Plinium
1359 1845 1430 1883 etsi
1471 1846 1511 1884 in

150 1903 368 1941 universum
395 1904 527 1943 eodem
555 1906 711 1951 ordine,
752 1918 827 1955 quo
853 1907 893 1944 in
921 1905 1189 1956 componendis
1215 1905 1323 1943 libris
1347 1918 1438 1944 usus
1463 1906 1513 1944 sit

151 1963 389 2010 auctoribus,
434 1977 498 2005 eos
535 1967 576 2005 in
614 1967 758 2006 indices
798 1967 1007 2014 rettulerit,
1052 1979 1128 2005 non
1165 1978 1313 2016 semper
1346 1966 1513 2004 auctoris

151 2036 287 2064 nomen
330 2037 374 2064 eo
415 2026 507 2078 loco,
542 2028 619 2066 iam
662 2028 856 2075 attulisse,
908 2040 983 2078 quo
1027 2028 1248 2078 scriptorem
1291 2028 1510 2077 inspexerit.

0 2128 19 2186 ξ
236 2144 261 2185 Ι)
302 2144 344 2176 de
363 2144 483 2177 Cinciis
503 2156 614 2178 rerum
633 2147 855 2179 Romanorum
876 2147 1099 2187 scriptoribus.
1124 2148 1214 2179 1865.
1245 2158 1277 2188 p.
1293 2150 1345 2181 48.

0 2195 25 2269 {v
232 2196 260 2273 ζ)
302 2196 346 2289 {lc
365 2195 475 2280 5οὲΗο
495 2198 674 2239 Antipatro
693 2199 773 2231 belli
793 2199 910 2231 Punici
931 2199 1065 2231 secundi
1085 2199 1255 2240 scriptore.
1281 2201 1371 2231 1867.
1393 2210 1423 2240 p.
1441 2202 1490 2236 12

0 2276 28 2346 ἓ·
68 2289 71 2293 V
88 2344 92 2348 »
233 2246 260 2341 43
302 2298 361 2332 cfr.
382 2300 524 2342 Kempfii
545 2303 647 2344 praef.
671 2303 707 2335 in
739 2304 790 2335 ed.
811 2314 869 2335 sua
904 2314 935 2344 p.
958 2304 1018 2336 XV
1054 2306 1087 2335 et
1116 2304 1154 2336 U.
1177 2303 1332 2336 Koehleri
1364 2304 1512 2336 libellum

0 2350 16 2403 ξ
150 2353 192 2386 de
211 2352 340 2384 ratione
360 2362 426 2393 qua
447 2353 483 2386 T.
504 2354 591 2387 Livii
611 2356 783 2388 annalibus
805 2356 857 2388 usi
878 2357 945 2388 sint
966 2356 1116 2389 historici
1136 2356 1253 2388 Graeci
1274 2357 1373 2397 atque
1391 2356 1512 2390 Latini.

152 2406 243 2439 1860.
273 2414 307 2446 p.
328 2406 381 2437 28.

0 2438 28 2496 ἒ·
37 2467 51 2490 -1
72 2486 80 2511 Π.
98 2488 101 2490 Α
233 2456 260 2497 ⁵)
301 2456 343 2490 de
363 2459 535 2506 auctorum
555 2447 721 2493 indicibus
740 2460 898 2493 Plinianis
920 2461 1078 2502 disputat.
1100 2460 1258 2502 isagogic.
1283 2461 1375 2492 1856.

0 2511 23 2546 ἐξ
113 2513 116 2516 .
