1678 2671
133 188 257 249 ιιιιιιιι
264 196 514 253 babuerunt,
530 204 651 244 secuti
677 204 777 243 sunt.
832 201 908 247 Alii
932 187 1111 244 homiues
1240 214 1304 257 ,q

124 281 162 310 ,ο
186 268 326 320 quibus
349 270 497 309 veteres
524 265 729 316 scriptores
764 275 834 303 sua
865 262 1090 314 hauserint,
1133 261 1318 313 indagare
1358 294 1384 298 .,
1438 294 1440 297 .

11 377 15 381 .
123 319 249 377 runt,
292 331 362 367 aut
392 327 480 366 illos
512 326 612 365 solos
653 328 842 376 putarunt
874 325 1005 362 eorum
1037 335 1120 362 esse
1157 323 1305 368 fontes,
1340 310 1448 376 qui-5⁷3
1444 339 1447 341 ’

113 433 116 435 Α
137 390 232 446 ipsis
257 387 507 440 scriptoribus
532 390 623 425 sunt
649 385 858 437 appellati3
901 387 970 424 aut
995 393 1043 423 ex
1075 383 1212 431 rebus,
1256 397 1390 436 quae.

137 451 238 501 gulis
264 449 514 500 scriptoribus
540 447 778 494 referuntur,
821 447 923 485 inter
950 458 991 484 se
1017 444 1269 496 comparatis,
1307 458 1372 487 ex

0 505 41 527 Γ
65 516 75 520 “
137 510 327 554 similibus
363 509 614 559 similiterque
646 508 749 547 inter
779 519 819 546 se
850 505 1062 546 coniunctis
1076 535 1086 553 ,
1116 500 1178 544 ex
1211 502 1385 554 ratione,

0 572 5 581 '
137 570 277 620 singuli
309 570 517 621 scriptores
543 570 590 608 de
623 568 739 608 rebus
764 567 1019 606 controversis
1042 566 1355 616 disputaverunt,

99 648 102 652 ’
135 639 213 683 que
243 643 292 671 ex
317 631 471 678 ordine,
510 642 586 682 quo
613 642 675 668 res
700 631 881 668 narratae
907 630 1016 674 sunt,
1053 627 1292 677 singularum
1318 641 1343 668 n

32 697 46 713 ³
71 721 75 724 <
137 705 231 732 num
256 691 384 731 fontes
416 692 673 742 indagarunt,
718 693 834 739 atque
867 689 963 728 haec
996 689 1120 728 altera
1153 689 1254 728 ratio
1279 690 1360 740 opti

136 764 212 803 que
251 752 451 803 aptissima
477 764 559 791 esse
585 751 680 789 mihi
708 751 858 789 videtur
884 749 933 787 ad
961 762 1069 788 veros
1094 751 1359 790 narrationum
1374 752 1517 803 fonte!

135 813 393 864 reperiendos.
451 812 607 852 Veteres
632 811 735 850 enim
761 811 986 861 scriptores,
1031 810 1064 850 si
1090 811 1254 851 aliorum
1279 805 1511 867 scriptos&

136 874 368 911 mentionem
409 872 556 910 faciunt
575 901 584 917 ,
629 884 705 910 non
743 871 784 908 id
819 875 1013 920 spectant,
1057 875 1100 909 ut
1135 872 1415 918 demonstrent,

136 944 236 984 quae
275 931 390 972 modo
428 931 598 971 dixerint
652 943 727 970 non
764 942 874 970 suam
907 943 988 970 esse
1027 931 1257 970 sententiam
1295 931 1363 971 sed
1407 932 1515 974 alius

136 994 358 1044 scriptoris,
402 997 520 1043 atque
545 996 590 1031 ut
615 996 685 1031 aut
710 1004 819 1030 suum
845 992 982 1041 cuique
1008 993 1201 1040 tribuant,
1246 996 1314 1032 aut
1338 987 1517 1056 legentes}

135 1054 320 1100 doceant,
356 1053 424 1092 ubi
448 1053 563 1103 plura
589 1052 636 1091 de
662 1052 797 1090 eadem
824 1064 866 1090 re
893 1052 1035 1103 scripta
1061 1055 1234 1099 exstent,
1278 1053 1345 1092 sed
1371 1057 1416 1095 ut
1440 1064 1519 1105 apgv

136 1114 317 1167 pellando
355 1113 471 1154 nobili
506 1117 546 1152 et
582 1113 793 1164 praestanti
830 1112 1016 1163 scriptore
1051 1115 1156 1153 suae*1
1181 1112 1255 1164 ipsi
1293 1107 1520 1157 sententiae

135 1177 408 1216 auctoritatem
450 1175 653 1213 vindicent
731 1174 872 1212 Fontes
912 1177 1061 1221 autem,
1105 1186 1126 1212 e
1164 1174 1302 1224 quibus
1340 1164 1519 1228 maxima

136 1226 372 1276 narrationis
405 1247 496 1286 pars
534 1234 674 1273 hausta
699 1238 775 1282 est,
817 1233 1042 1284 plerumque
1077 1246 1153 1273 non
1189 1239 1280 1275 sunt
1309 1235 1518 1285 nominati„

134 1299 253 1337 immo
292 1302 490 1342 auctores,
547 1308 642 1345 quos
679 1294 923 1344 appellarunt
958 1295 1183 1345 scriptores,
1234 1302 1509 1355 nonnunquam

87 1387 90 1390 ψ
122 1358 212 1409 ‘ipsi
238 1367 316 1397 n'on
343 1357 609 1407 inspexerunt,
648 1355 715 1393 sed
741 1367 788 1393 ex
814 1355 978 1394 aliorum
1005 1355 1113 1394 libris
1137 1358 1405 1413 cognoverunt.
1448 1385 1464 1395 2
1502 1398 1515 1405 ⁷.

173 1424 176 1426 ’
240 1419 346 1458 Inter
373 1430 438 1457 eos
453 1447 462 1464 ,
487 1417 554 1467 qui
580 1419 712 1455 nostro
738 1420 908 1466 tempore
934 1416 1067 1455 critica
1080 1447 1090 1464 ,
1127 1421 1171 1456 ut
1195 1418 1252 1456 ita
1278 1410 1420 1466 dicam,
1444 1424 1446 1426 '

137 1479 243 1517 tione
268 1479 310 1516 in
335 1478 533 1516 historiam
562 1477 774 1514 Romanam
800 1477 1096 1526 inquisiverunt,
1122 1490 1359 1528 quorumque
1384 1472 1456 1529 ope

128 1539 207 1578 -bus
232 1551 323 1577 usus
348 1550 432 1576 sum
449 1566 458 1584 ,
503 1541 594 1575 ante
621 1549 751 1575 omnes
780 1536 1009 1575 Niebuhrius
1034 1537 1292 1577 nominandus
1318 1541 1514 1589 est,q1u

135 1599 178 1638 in
195 1599 311 1638 tertio
329 1598 521 1637 volumine
547 1597 730 1636 historiae
749 1597 957 1635 Romanae·
968 1596 1111 1636 bellum
1129 1598 1315 1641 Punicum
1341 1599 1440 1650 prim
1485 1600 1499 1606 ’
1516 1596 1519 1597 ’

135 1659 333 1699 enarravit
346 1688 355 1705 ,
400 1657 466 1696 sed
499 1660 622 1697 morte
648 1657 781 1707 iniqua
806 1656 1041 1707 interceptus
1067 1670 1191 1708 neque
1216 1657 1417 1706 absolvit,
1442 1650 1445 1653 ⁵

136 1732 211 1773 que
237 1718 398 1769 perfecit
423 1719 506 1768 ipse
531 1717 646 1756 huius
671 1718 761 1756 belli
786 1718 1046 1756 narrationem
1074 1722 1115 1766 ¹).
1187 1720 1271 1766 Qua
1296 1732 1338 1758 re
1364 1719 1449 1772 fact-

67 1783 71 1788 “
135 1782 215 1827 est,
259 1782 321 1826 ut,
360 1789 593 1828 quamquam
620 1790 668 1816 ex
692 1778 739 1817 iis
764 1791 933 1829 quoque,
968 1790 1066 1828 quae
1092 1780 1132 1818 in
1159 1780 1274 1819 tertio
1298 1779 1367 1819 illo
1391 1779 1441 1818 h'v

0 1834 36 1891 ζ.
58 1845 60 1847 ’
136 1840 220 1880 riae
245 1839 442 1879 Romanae
468 1839 659 1877 volumine
685 1840 829 1890 scripta
859 1839 1037 1889 leguntur
1051 1869 1060 1886 ,
1105 1852 1193 1880 acre
1218 1836 1424 1890 Niebuhrii

0 1905 3 1944 ζ
65 1909 69 1935 ἰ
137 1901 291 1951 genium
318 1899 534 1950 splendeat,
575 1903 702 1939 tamen
729 1900 761 1938 si
787 1912 1053 1969 comparamus
1078 1913 1142 1948 ea,
1176 1906 1275 1952 quae
1301 1902 1361 1939 in
1352 1901 1460 1940 scho

125 1961 190 2012 ,de
214 1960 383 2000 historia
409 1960 582 1999 Romana
600 1960 757 1999 Bonnae
780 1961 889 1999 annis
910 1960 1248 2001 MDCCCXXVIII
1265 1965 1305 2001 et
1321 1957 1461 2001 MDCC

88 2012 94 2018 ’
120 2021 268 2074 ἵΧΧᾸΧ
294 2020 437 2059 habitis
457 2021 484 2067 ²)
520 2020 567 2058 de
601 2020 673 2059 hoc
705 2020 805 2060 bello
831 2021 988 2072 eiusque
1014 2022 1261 2072 scriptoribus
1287 2022 1405 2068 dixit,

0 2100 18 2127 1—
121 2081 353 2134 ‘gnoscimus
388 2079 642 2120 Niebuhrium
677 2082 809 2132 paucis
849 2082 1059 2122 interiectis
1096 2083 1207 2123 annis
1246 2105 1294 2112 —
1334 2086 1446 2134 quae,

0 2154 21 2160 ’·
40 2139 60 2157 ’“
137 2143 254 2183 tertio
288 2141 355 2180 ιΙΙο
389 2141 573 2180 historiae
609 2142 803 2181 Romanae
840 2143 1033 2183 volumine
1066 2145 1262 2194 leguntur,
1300 2144 1393 2183 iam.
1404 2149 1454 2195 an

1 2206 16 2244 ”,’
30 2201 33 2203 ’
77 2225 80 2227 -
140 2200 371 2243 MDCCCXI
408 2205 520 2240 erant
545 2203 759 2254 conscripta
786 2225 832 2233 -
870 2203 992 2244 multo
1017 2204 1213 2244 meliorem
1240 2204 1288 2244 de
1312 2203 1385 2243 hoc

139 2264 400 2325 narrationem
426 2263 690 2313 proposuisse,
731 2264 850 2304 multo
876 2266 1026 2304 acutius
1051 2269 1168 2316 atque
1194 2265 1335 2304 rectius
1360 2263 1408 2339 de

226 2389 251 2429 ι)
293 2387 353 2422 cfr.
374 2387 410 2419 iu
430 2387 513 2421 hist.
538 2387 633 2420 Rom.
657 2389 721 2421 vol.
737 2389 795 2422 111.
814 2389 918 2432 praef.
941 2389 1088 2424 editoris.
1112 2400 1145 2432 p.
1160 2390 1202 2422 11.

224 2442 253 2479 ²)
296 2441 338 2473 ab
359 2439 461 2472 Islero
482 2439 730 2476 MDCCCXLVI
750 2442 830 2475 edit.
