1678 2671
191 255 193 257 ¹
234 260 388 306 omitto,
428 258 475 297 de
500 269 577 295 uno
603 247 754 295 Philino
781 268 903 305 pauca
928 256 1139 305 proferam,
1178 256 1243 305 qui
1271 255 1412 293 bellum
1436 254 1511 294 Pu-

143 320 274 371 nicum
299 320 465 371 primum
488 316 695 357 enarravit.
775 316 954 366 Polybius
987 316 1089 354 hunc
1123 316 1172 355 ab
1198 315 1284 355 aliis
1317 315 1511 366 scriptori-

132 380 218 436 bus
238 381 382 431 ‹ma-gni
417 379 662 419 aestimatum
689 380 882 416 auctorem
908 377 964 416 ita
998 376 1264 427 reprehendit,
1308 380 1353 415 ut
1378 389 1511 427 quam-

116 450 261 494 ·T-‘quam
287 444 369 493 ipse
394 440 525 492 paullo
553 442 643 478 ante
664 439 857 477 Philinum
883 442 922 476 et
946 438 1106 477 Fabium
1132 436 1224 484 τοὺς
1245 435 1511 489 ἐμπειρότατα

68 494 357 557 ξ’·ῗῇδὸκοῢντὰς
386 499 548 554 γράφειν
573 497 674 551 ὑπὲρ
698 502 770 538 τοῦ
794 498 971 548 πολέμου
1000 499 1265 538 nominaverat
1282 530 1291 547 ,
1340 500 1511 549 legentes

66 570 86 603 ἵ
123 564 470 605 commonefacere
497 562 682 607 videatur,
709 573 757 599 ne
784 561 928 611 scripta
954 561 1035 598 eius
1061 560 1276 610 inspiciant,
1304 561 1471 615 absurda
1486 572 1512 600 a

128 625 298 665 ‘Philino
334 637 415 663 esse
448 625 609 661 narrata
635 621 832 659 contendit
858 621 1059 669 Polybius;
1113 622 1170 659 sin
1198 625 1326 660 autem
1353 621 1510 660 Diodori

77 724 80 725 γ
101 725 122 734 ,Υ
145 687 405 726 narrationem
432 684 478 722 de
505 683 604 722 bello
630 682 771 720 Punico
799 683 939 731 primo,
965 694 1063 731 quae
1089 687 1133 719 ut
1158 681 1260 720 infra
1287 682 1508 728 videbimus,

72 744 89 764 ³
144 747 223 785 fere
257 750 341 785 tota
375 746 416 783 in
450 744 592 782 Philini
628 755 740 792 opere
775 742 970 789 innititur,
1015 755 1279 791 comparamus
1295 772 1304 789 ,
1355 743 1510 781 minime

37 802 76 827 ⁷*
98 820 107 833 ³
145 819 232 846 eam
256 803 388 857 πάσης
414 800 574 854 ἀλογίας
599 800 750 854 πλήρην
776 814 857 840 esse
883 803 1095 852 apparebit.
1147 803 1345 841 Nissenius
1361 805 1392 850 ¹)
1417 815 1509 852 quo-

145 871 219 918 que
245 866 386 906 Philini
417 865 532 904 fidem
564 867 680 913 atque
707 864 974 908 auctoritatem
1000 877 1025 903 a
1052 863 1197 913 Polybii
1223 863 1507 913 vituperationi-

55 977 62 979 *
112 947 115 949 ¹
144 928 216 968 bus
234 929 268 974 ²)
300 927 488 973 defendit,
538 937 624 964 cum
651 924 989 972 demonstraverit,
1042 924 1160 963 ictum
1187 937 1268 963 esse
1294 919 1427 964 foedus
1450 924 1506 966 in-

55 980 97 1027 s
144 993 205 1028 ter
245 989 436 1027 Romanos
475 990 514 1025 et
549 986 886 1036 Carthaginienses
924 999 1025 1024 anno
1065 998 1088 1024 a
1126 986 1216 1024 Chr.
1262 999 1298 1024 n.
1347 985 1509 1033 CCCVI,

36 1052 81 1093 “²2
145 1049 247 1100 quod
273 1048 446 1087 Philinus
471 1051 852 1093 commemoraverat,
909 1047 1087 1096 Polybius
1121 1050 1274 1093 contra,
1319 1059 1405 1084 cum
1432 1046 1509 1085 foe-

129 1110 217 1149 dus
241 1109 335 1148 illud
361 1110 400 1147 in
427 1108 569 1157 templo
582 1108 697 1145 ‘Iovis
724 1107 931 1157 Capitolini
958 1120 1032 1146 non
1061 1108 1282 1153 invenisset,
1315 1106 1508 1146 refutavit.

104 1205 106 1207 ,
144 1170 349 1210 Praeterea
373 1169 551 1218 Polybius
577 1169 658 1218 ipse
685 1168 756 1206 sibi
783 1181 857 1206 non
885 1169 1078 1214 constitit,
1124 1180 1208 1205 cum
1236 1180 1509 1216 nonnunquam

143 1229 336 1270 Philinum
363 1233 515 1269 secutus
542 1230 608 1276 sit,
649 1232 718 1267 aut
743 1228 885 1267 Philini
912 1232 950 1267 et
976 1228 1086 1267 Fabii
1113 1229 1353 1267 narrationes
1380 1233 1508 1267 conta-

0 1315 17 1340 μ
115 1291 361 1331 ..minaverit
416 1291 555 1329 Merito
580 1293 710 1328 autem
735 1293 775 1328 et
799 1291 881 1327 iure
909 1290 1070 1328 Fabium
1097 1294 1136 1328 et
1163 1290 1354 1328 Philinum
1381 1302 1510 1340 repre-

0 1352 44 1406 ᾗ
142 1351 319 1391 hendisse
345 1351 439 1390 mihi
464 1351 616 1390 videtur
641 1351 838 1400 Polybius,
867 1351 969 1401 quod
996 1352 1112 1389 nimio
1139 1351 1268 1401 populi
1297 1352 1356 1389 sui
1383 1351 1510 1390 studio

0 1407 35 1464 Ῐῗ
50 1408 61 1439 -J
98 1427 117 1454 f
144 1414 248 1464 capti
274 1426 297 1451 a
322 1426 411 1452 vero
437 1413 632 1452 interdum
657 1416 915 1460 recesserunt;
959 1412 1090 1462 itaque
1117 1412 1296 1452 assentiri
1322 1424 1399 1451 non
1426 1424 1509 1462 pos-

0 1469 21 1522 '2
144 1487 229 1512 sum
263 1474 536 1512 recentioribus
572 1473 800 1521 quibusdam
834 1473 1099 1522 scriptoribus,
1145 1473 1212 1522 qui
1238 1473 1434 1521 Polybium
1471 1473 1509 1510 in

145 1533 217 1574 hoc
244 1546 394 1584 quoque
419 1533 560 1572 iudicio
586 1534 833 1584 proponendo
860 1533 973 1571 nimis
1000 1533 1179 1572 acerbum
1194 1533 1326 1571 .fuisse
1361 1535 1511 1583 putant,

0 1569 35 1651 ἓν,
146 1607 268 1645 neque
294 1595 342 1633 ab
370 1595 590 1633 Hermanno
618 1596 754 1633 Petero
770 1597 804 1641 3)
840 1595 907 1633 illa
933 1595 1079 1643 Polybii
1106 1595 1293 1633 acerbitas
1320 1598 1421 1632 recte
1447 1607 1511 1631 ex-

0 1650 72 1720 ἕζ-
145 1655 289 1710 plicata
314 1667 396 1693 esse
421 1655 516 1693 mihi
544 1655 710 1701 videtur,
755 1668 841 1693 cum
869 1655 990 1702 dicat,
1045 1667 1070 1693 a
1097 1655 1251 1704 Polybio
1279 1654 1326 1693 ob
1352 1654 1511 1692 inimici-

0 1721 24 1750 tr
50 1727 53 1729 .

0 1757 37 1852 ξ

0 1127 32 1203 {3³²⁵
0 914 28 1119 “””-”λζῖῖ“-;“”’ἷ“ἷ·*ῑ;ἷ’”-ῗ
0 735 33 909 {JWW'

29 1096 47 1177 t“,«-
28 1018 46 1042 »·”’
33 968 36 971 “
25 909 39 932 *³
27 822 57 881 ’ξ’

109 1747 113 1756 .
146 1717 238 1763 tias,
284 1711 383 1765 quae
414 1716 517 1754 inter
545 1716 764 1766 Scipionum
792 1720 830 1754 et
857 1716 1060 1754 Fabiorum
1089 1716 1254 1754 familias
1291 1716 1512 1753 intercesse-

0 1764 4 1774 ι
43 1811 58 1824 ÷
131 1772 243 1820 2rint,
287 1775 502 1823 annalium,
546 1789 642 1825 quos
670 1776 811 1814 Fabius
837 1777 966 1814 Pictor
991 1777 1277 1825 conscripserit,
1322 1775 1436 1813 fidem
1471 1776 1511 1813 in

0 1825 81 1887 ζὴ.
146 1835 304 1876 dubium
328 1839 502 1874 vocatam
529 1848 622 1874 esse.
700 1836 925 1874 Persuaderi
951 1836 1045 1874 mihi
1078 1848 1152 1873 non
1185 1848 1357 1886 possum,
1404 1835 1512 1885 Poly-

3 1896 64 1950 ³}ss
109 1908 115 1913 ¹
146 1897 252 1937 bium
277 1900 356 1935 tam
383 1909 500 1946 pravo
526 1897 643 1936 fuisse
668 1897 822 1946 ingenio
850 1901 966 1947 atque
997 1900 1078 1935 tam
1106 1896 1171 1935 vili
1196 1897 1309 1936 modo
1336 1896 1408 1936 sibi
1435 1896 1511 1935 Sci·

12 1950 80 2010 ’ἢ
147 1957 304 2008 pienum
330 1958 538 1995 amicitiam
565 1958 944 2007 benevolentiamque
971 1970 1210 2006 comparasse
1237 1962 1306 1995 aut
1332 1969 1512 1995 servasse.

137 2018 353 2057 'Praeterea
381 2017 428 2055 H.
456 2018 615 2056 Peterus
641 2018 712 2056 sibi
740 2023 914 2057 constare
942 2031 1019 2056 non
1046 2019 1196 2056 videtur
1219 2048 1228 2064 ,
1273 2031 1359 2056 cum
1384 2017 1513 2068 paullo

147 2073 235 2133 post
252 2080 286 2126 ⁴)
321 2079 401 2127 ipse
437 2078 617 2125 affirmet,
662 2081 830 2116 omnium
859 2083 1028 2116 veterum
1054 2079 1281 2128 scriptorum
1317 2079 1512 2129 proprium

68 2135 263 2194 f'J-fiiisse
289 2142 333 2176 ut
359 2140 507 2187 patriae
534 2140 694 2189 gloriam
720 2140 760 2177 in
783 2140 906 2178 maius
932 2139 1178 2184 extollerent,
1212 2152 1336 2189 neque
1360 2139 1513 2177 omnino

74 2227 98 2256 ,ι
129 2199 232 2238 ‘fieri
265 2192 374 2248 posse
401 2199 495 2247 quin
522 2200 724 2248 quisquam
750 2212 830 2246 res,
876 2200 1013 2248 quibus
1039 2200 1121 2248 ipse
1147 2200 1319 2249 aequalis
1345 2201 1414 2246 sit,
1457 2199 1514 2237 ita

172 2392 174 2394 ,
233 2360 259 2400 1)
301 2358 364 2391 Die
385 2358 811 2402 romisch-karthagischen
832 2359 1026 2392 Biindnisse.
1066 2358 1182 2391 Jahrb.
1203 2357 1256 2390 fiir
1278 2358 1372 2391 class.
1392 2356 1511 2390 Philol.

63 2419 104 2463 ἦξε)
141 2414 241 2447 1867.
261 2423 294 2454 p.
309 2412 370 2445 325
393 2421 440 2453 sq.
559 2413 599 2453 2)Δ
631 2413 746 2454 Polyb.
767 2414 826 2454 111,
849 2415 899 2446 26.

67 2480 77 2488 ν
147 2482 150 2483 ⁷
232 2465 262 2504 3)
304 2464 419 2502 histor.
440 2464 534 2496 Rom.
554 2465 647 2506 reliq.
672 2467 763 2498 1870.
784 2466 810 2498 Ι.
831 2475 863 2506 p.
877 2465 1056 2497 LXXXIII.
1139 2464 1166 2503 ⁴)
1204 2463 1225 2495 l.
1247 2463 1266 2494 l.
1287 2473 1317 2504 p.
1331 2462 1492 2495 LXXXV.

135 189 353 251 noh-more„
387 180 443 237 ,ψ’
470 166 612 246 iniquis
643 168 722 234 iuis
751 193 898 244 Polybii
932 194 1275 245 vituperationibus
1308 166 1510 233 defendere
1566 196 1570 198 .
