1678 2671
7 331 11 334 ,
28 300 31 302 ’
47 338 54 342 ,
82 285 252 336 graviter
277 284 475 324 erraverit.

726 96 805 165 313?

0 205 31 259 ’,Σ
82 211 312 264 Romanam
328 223 572 274 conscripsit,
616 225 694 273 qua
721 194 768 263 re
798 222 964 263 factum*
977 226 1057 272 est,
1101 227 1147 264 ut
1163 223 1334 278 >nonium

67 393 70 395 v
127 369 130 374 “
183 362 327 401 Tamen
365 361 477 400 valde
511 361 718 401 dolendum
757 364 837 409 est,
883 360 987 411 quod
1020 373 1042 399 e
1077 360 1175 401 Livii
1214 338 1322 403 libris
1356 365 1485 411 mlnlff:

59 412 182 474 'quod
224 423 273 462 ad
313 422 452 461 bellum
493 422 679 461 Punicum
719 422 888 472 primum
925 421 1094 471 pertinet
1107 451 1116 468 ,
1161 423 1358 467 servatum
1376 414 1491 482 ests?

32 534 36 538 ⁵
79 484 155 524 nisi
188 484 376 553 epitomae
407 482 594 521 librorum
620 482 731 528 XVI,
759 482 890 529 XVII,
918 481 1068 528 XVIII,
1095 482 1209 529 XIX,
1248 483 1288 522 in
1314 472 1433 535 quibu

79 544 203 584 multa
228 544 387 590 omissa,
415 543 603 592 quaedam
630 546 710 582 tam
736 554 831 610 vage
857 545 948 581 sunt
973 542 1143 592 scripta,
1169 547 1213 581 ut
1237 544 1328 583 inde
1353 545 1417 594 Lij

69 605 309 650 ‚sententiam
335 616 561 653 cognoscere
580 604 643 642 vix
670 603 804 653 possis.
858 602 913 641 De
941 603 1126 652 scriptore
1152 603 1308 643 illarum
1332 603 1452 656 epitoq

79 677 230 704 marum
263 660 410 703 certum
446 665 593 715 aliquid
632 665 794 704 iudicari
830 676 906 703 non
944 666 1071 714 potest
1094 666 1150 711 1);
1202 676 1291 703 nam
1318 678 1452 715 quam·-
1478 671 1487 700 ἑ

79 737 195 776 quam
222 724 388 765 Cobetus
407 725 441 774 ²)
479 725 621 775 aliique
662 725 835 775 homines
874 724 994 771 docti,
1046 727 1091 762 ut
1130 723 1392 764 demonstrent
1427 739 1452 766 a

78 786 187 826 Livio
221 786 304 837 ipso
330 798 412 825 esse
438 786 672 836 conscriptas
706 786 792 825 illas
827 785 1044 836 periochas,
1089 784 1286 835 Polybium
1315 788 1452 832 testem

79 847 267 894 citarunt,
311 847 376 896 qui
395 849 428 891 ³)
462 859 503 884 se
541 847 664 897 ipsum
702 850 818 895 atque
851 846 947 884 alios
981 845 1218 895 antiquiores
1252 843 1473 889 historicos

77 907 187 947 libris
221 907 300 946 suis
342 908 551 946 summaria
577 902 852 959 ’(προγραφάς)
889 906 1131 957 praemisisse
1167 906 1276 953 dicit,
1321 909 1450 946 tamen

77 968 172 1006 mihi
199 968 429 1017 persuadere
455 981 533 1006 non
559 981 723 1018 possum,
751 968 839 1006 illas
866 968 913 1006 de
927 968 968 1005 T.
983 968 1213 1017 Liviiopere
1239 968 1457 1017 periochas,

78 1034 178 1079 qnae
210 1040 312 1067 nunc
339 1031 513 1075 exstant,
558 1028 607 1067 ab
641 1028 724 1079 ipso
753 1028 860 1067 Livio
892 1040 974 1066 esse
1009 1028 1193 1078 scriptas;
1246 1028 1313 1077 qui
1345 1027 1450 1080 operi
1483 1074 1487 1076 μ

77 1101 146 1127 suo
173 1089 423 1127 summarium
456 1089 690 1137 praemittit,
735 1101 814 1134 res,
855 1101 953 1138 quae
980 1089 1018 1126 in
1046 1101 1160 1138 opere
1186 1090 1269 1138 ipso
1296 1101 1446 1128 accura-

77 1148 155 1188 tius
181 1152 383 1187 enarratae
410 1152 518 1195 sunt,
562 1149 602 1186 in
639 1149 847 1187 summario
874 1149 1042 1187 breviter
1068 1146 1366 1188 commemorare
1391 1156 1462 1188 so-'

77 1209 151 1256 let,
188 1210 390 1260 periochae
416 1213 564 1257 autem,
592 1222 691 1259 quae
718 1210 897 1248 dicuntur
915 1210 1098 1248 Livianae
1111 1239 1120 1256 ,
1145 1209 1369 1260 plerumque
1395 1210 1452 1249 ita

78 1273 169 1317 sunt
195 1270 331 1317 exiles,
368 1273 412 1308 ut
437 1270 496 1308 vel
522 1282 599 1316 res,
639 1282 737 1320 quae
765 1271 902 1308 summi
929 1274 1019 1308 sunt
1045 1271 1247 1316 momenti,
1289 1274 1329 1309 et
1353 1278 1453 1320 quas·
1551 1307 1580 1325 -.
1606 1309 1618 1325 ,-

78 1331 209 1371 Livius
235 1331 334 1382 ipse,
363 1335 406 1370 ut
432 1345 478 1370 ex
503 1331 772 1382 scriptoribus,
799 1331 865 1382 qui
892 1331 989 1370 Livii
1014 1331 1131 1370 libros
1157 1332 1450 1382 exscripserunt,
1501 1356 1505 1360 ⁴
1554 1326 1623 1380 :13⁰

77 1396 258 1443 apparet,
294 1393 441 1442 prolixe
467 1393 661 1440 narravit,
702 1393 816 1443 plane
842 1394 920 1431 sint
945 1393 1117 1432 omissae.
1577 1396 1595 1408 ‘⁸

181 1469 248 1507 Sin
282 1473 411 1508 autem
446 1470 687 1518 quaerimus,
733 1483 807 1518 quo
835 1469 946 1507 modo
973 1469 1102 1506 Livius
1132 1468 1239 1507 illam
1272 1461 1448 1508 historia·
1478 1502 1480 1504 ,

77 1541 163 1568 rum
192 1529 327 1568 molem
356 1530 629 1580 composuerit,
668 1529 811 1580 optime
839 1529 1027 1568 Henricus
1053 1530 1188 1568 Nissen
1208 1531 1241 1575 ⁴)
1267 1529 1368 1568 viam
1392 1530 1448 1567 in-

78 1589 225 1629 dicasse
263 1590 356 1629 mihi
396 1591 565 1637 videtur,
610 1603 696 1628 cum
734 1591 862 1629 dieat:
915 1591 1014 1628 inter
1049 1603 1179 1628 omnes
1210 1594 1385 1628 auctores
1424 1601 1450 1628 a
1511 1641 1513 1643 ι

77 1651 185 1690 Livio
214 1651 410 1691 Valerium
443 1652 637 1690 Antiatem
677 1652 897 1701 saepissime
933 1663 1014 1689 esse
1052 1651 1290 1689 nominatum
1333 1646 1449 1700 atque
1543 1642 1551 1645 Ἰ

78 1711 322 1750 acerbissime
350 1712 628 1762 vituperatum3
673 1724 749 1761 qua
783 1724 825 1750 re
852 1712 1015 1750 coniecit
1041 1711 1259 1757 Nissenius,
1302 1711 1359 1749 vir
1384 1711 1448 1749 do-

77 1771 268 1811 ctissimus
283 1803 292 1820 ,
340 1772 530 1812 Romanos
556 1773 700 1813 Valerii
727 1773 897 1811 Antiatis
933 1772 1074 1811 fabulis
1108 1775 1147 1810 et
1179 1772 1487 1825 iactationibus*

76 1833 290 1880 delectatos
328 1835 410 1872 eius
443 1835 603 1873 annales
637 1829 879 1884 cupidissime
912 1834 1074 1882 legisse,
1120 1834 1251 1883 itaque
1286 1833 1464 1881 Livium,-

76 1906 165 1933 cum
199 1894 249 1932 ad
291 1894 531 1932 scribendam
567 1895 764 1933 historiam
799 1897 971 1933 animum
1006 1898 1265 1939 converteret,
1306 1894 1451 1942 Valerii
1503 1927 1532 1942 q.

76 1954 237 1994 annales
271 1955 381 2005 quasi
415 1955 709 1993 fundamentum
751 1956 811 1994 sui
850 1957 976 2006 operis
1011 1955 1208 2002 habuisse,
1253 1955 1321 1993 sed
1364 1965 1461 1998 cum.
1504 1988 1506 1991 .
1539 1947 1588 1994 ἵζ’-ἴ

75 2016 281 2067 paullatim
311 2016 454 2054 Valerii
481 2016 683 2059 mendacia
709 2007 970 2066 perspexerit,
999 2029 1087 2055 eum
1115 2016 1354 2066 potissimum
1380 2015 1450 2054 im-

74 2089 279 2128 pugnasse.
361 2077 457 2115 Num
495 2077 535 2115 in
577 2077 676 2115 bello
712 2078 855 2116 Punico
894 2078 1018 2128 primo
1053 2077 1271 2116 enarrando
1307 2075 1452 2116 Valerii

42 2155 46 2158 ·
78 2139 245 2177 Antiatis
277 2138 536 2176 narrationem
571 2150 689 2176 unam
725 2143 878 2177 secutus
912 2140 963 2178 sit
990 2139 1139 2187 Livius,
1185 2139 1286 2177 infra
1313 2136 1451 2177 diiudi-

161 2281 186 2320 ¹)
229 2279 289 2314 cfr.
312 2279 339 2312 Ι.
363 2276 525 2319 Madvigii
547 2277 650 2319 praef.
673 2277 708 2309 in
730 2277 801 2311 Liv.
827 2277 907 2310 edit.
930 2277 994 2310 vol.
1011 2277 1066 2311 IV.
1094 2279 1170 2319 part
1194 2277 1238 2310 11.
1264 2287 1298 2318 p.
1313 2276 1367 2310 VI.

160 2333 187 2374 2)
229 2333 265 2365 in
297 2340 527 2372 mnemosynes
559 2330 623 2362 vol.
648 2330 709 2371 XI,
737 2331 785 2362 15.

161 2386 190 2424 3)
233 2385 270 2418 in
295 2385 316 2417 1.
339 2385 401 2425 XI,
429 2393 458 2416 c.
484 2384 511 2414 1.
543 2383 593 2414 ed.
618 2382 765 2415 Dindorf.

160 2444 187 2484 ⁴)
229 2442 398 2476 Kritische
418 2439 715 2481 Untersuchungen
745 2441 828 2473 iiber
856 2440 909 2473 die
930 2439 1068 2480 Quellen
1096 2439 1156 2472 der
1183 2440 1213 2470 4.
1240 2436 1309 2468 und
1337 2436 1366 2467 ὅ.
1390 2433 1451 2486 Do-
1478 2418 1493 2458 Τ

76 2496 161 2530 cade
181 2496 240 2528 des
259 2495 381 2527 Livius.
407 2493 498 2526 1863.
528 2502 561 2533 p.
575 2494 628 2525 46.
