1678 2671
454 190 457 191 ⁷
477 182 713 237 gestamur,
745 185 912 237 pugnam
937 185 1202 234 detractavit,
1227 183 1297 229 oed
1319 187 1523 236 postquam

354 243 530 295 sul-cuin
553 246 715 295 dimidia
736 245 934 298 'copiarum
960 247 1250 297 parte-Romam
1275 245 1402 293 rediit,
1427 245 1524 285 Ha·—

300 328 305 353 ;
344 319 554 349 <morinum
580 306 772 357 profectus
798 312 875 355 est,
919 307 987 346 ubi
1020 308 1121 346 alter
1146 305 1278 346 consul
1302 310 1433 345 castra
1456 306 1524 346 ha·

284 413 289 421 ,ι
315 359 495 416 Metellus
519 367 653 413 consul
678 367 865 417 proelium
890 367 1054 417 defugit,
1098 367 1165 406 sed
1181 369 1280 406 'cum'
1303 366 1524 406 Hasdrubal

277 425 551 483 Panormitano
578 431 728 467 vastato
753 425 888 467 urbe'm
915 432 1202 478 oppugnaturus
1227 427 1358 478 copias
1382 431 1424 473 et
1446 427 1524 479 ele-

263 490 460 532 tostrans
485 488 629 528 flumen
656 488 875 527 traduceret
889 518 901 536 ,
944 489 1038 539 ipse·
1060 489 1249 528 exercitus
1281 492 1431 539 partem
1465 490 1523 528 ita

308 549 356 594 it,
380 554 444 588 ‘ut
469 549 694 600 elephantos
727 549 874 599 ingenti
907 549 1070 588 telorum
1096 550 1342 588 multitudine
1372 554 1522 600 pertin-⁴

208 613 270 651 tos
292 610 331 648 in
360 610 463 660 ipsos
489 611 636 650 Poenos
663 613 877 657 verterent,
904 622 981 660 qua
1006 623 1048 648 re
1074 610 1186 648 multi
1212 623 1343 650 eorum
1370 611 1522 661 procul-

203 671 235 710 ti
255 675 365 710 sunt.
417 672 500 719 Quo
526 671 627 711 facto
654 675 800 711 ceteras
826 671 955 721 copias
980 671 1115 710 eduxit
1140 675 1179 710 et
1205 672 1349 711 Poenos
1374 672 1523 722 fugavit

215 726 352 780 ornnes
378 734 481 782 cepit
506 733 741 783 elephantos.
798 732 904 770 Haec
930 732 1107 782 Polybius
1130 735 1162 782 ¹)
1188 732 1327 780 refert,
1363 746 1462 783 quae
1487 734 1521 772 si

201 789 421 846 mparamus
447 806 533 832 cum
560 794 632 841 eis,
677 806 776 843 quae
802 793 1009 832 Frontinus
1028 794 1078 840 ²),
1118 793 1326 842 Eutropius
1343 794 1398 842 3),
1434 793 1521 832 Flo-

239 856 294 903 4),
336 853 492 892 Orosius
511 857 566 901 ⁵),
603 855 772 893 Zonaras
789 856 823 901 ⁶)
859 866 906 892 ea
932 854 979 892 de
1005 867 1047 892 re
1079 854 1257 900 tradunt,
1302 866 1434 892 omnes
1459 866 1521 893 eo-

201 915 507 965 mmai-rationes
534 927 582 952 ex
603 927 686 953 uno
720 915 825 952 fonte
859 914 1020 952 haustae
1054 926 1136 951 esse
1162 914 1357 961 videntur,
1401 917 1520 964 atque

145 966 337 1031 finimus
359 975 440 1025 ipse
467 974 627 1015 Fabium
653 975 842 1024 inspexit,
887 975 1003 1012 ceteri
1031 974 1138 1013 Livio
1164 978 1325 1013 auctore
1344 987 1435 1014 eum
1461 986 1516 1014 se·

223 1035 232 1044 ⁰
268 1038 369 1073 sunt.
439 1035 495 1073 De
522 1035 812 1085 elephantorum
838 1034 992 1084 quidem
1017 1047 1176 1073 numero
1202 1046 1278 1073 non
1305 1035 1402 1073 satis
1427 1048 1519 1073 con—

222 1095 326 1136 tiunt
359 1096 591 1146 scriptores;
644 1094 870 1146 Eutropius,
913 1095 1144 1142 Frontinus,
1187 1094 1343 1133 Orosius
1378 1094 1520 1135 CXXX

210 1156 377 1207 phantos
407 1157 448 1195 in
475 1157 645 1198 Siciliam
677 1158 812 1195 missos
846 1169 928 1195 esse
962 1154 1113 1203 dicunt,
1160 1156 1366 1206 Eutropius
1391 1157 1545 1196 XXVI'

148 1225 233 1272 9989
257 1220 410 1268 captos,
450 1218 606 1257 Oiosius
632 1217 738 1265 CIV,
776 1217 914 1256 Florus
939 1216 968 1255 C
995 1218 1164 1263 circiter,
1205 1217 1375 1255 Zonaras
1402 1217 1517 1266 CXX,

142 1276 297 1332 Qius
316 1280 363 1328 ⁷)
379 1279 445 1329 qui
462 1280 638 1319 Verrium
658 1279 835 1317 Flaccum
864 1282 903 1317 et
926 1277 970 1317 L.
992 1278 1165 1317 Pisonem
1193 1281 1367 1316 auctores
1393 1277 1517 1327 affert,

146 1335 296 1404 ,CXLII
321 1339 380 1377 vel
410 1340 518 1378 CXL
535 1339 759 1390 elephantos
785 1352 809 1377 a
835 1339 1018 1378 Romanis
1044 1342 1176 1388 captos
1201 1351 1283 1377 esse
1307 1338 1482 1377 affirmat.
1562 1332 1567 1337 ⁴

227 1400 445 1439 Diodorus
463 1402 498 1450 8)
525 1401 585 1440 his
610 1402 651 1440 in
679 1401 792 1440 rebus
818 1400 1021 1439 narrandis
1040 1399 1233 1438 Philinum
1259 1404 1410 1438 secutus
1436 1412 1519 1439 esse

141 1445 306 1512 ,fidetur
323 1489 333 1507 ,
376 1465 462 1499 c'um
502 1462 683 1500 victoriae
721 1461 876 1500 laudem
917 1474 993 1499 non
1030 1461 1176 1499 Metelli
1214 1461 1442 1510 prudentiae
1479 1464 1519 1499 et

142 1515 320 1572 {astutiae
356 1521 423 1560 sed
455 1521 635 1561 fortunae
673 1521 914 1573 potissimum
944 1521 1091 1560 tribuat
1122 1525 1162 1560 et
1188 1520 1416 1560 Hamilcaris
1447 1521 1518 1560 im·

160 1576 180 1583 ’”
211 1582 401 1631 dentiae,
446 1584 513 1633 qui
548 1587 692 1623 temere
728 1584 920 1622 Romanos
956 1588 1203 1622 contemnens
1244 1583 1346 1633 apud
1385 1582 1518 1623 urbem

176 1638 385 1695 panormum
411 1649 539 1682 castra
563 1657 640 1683 non
666 1645 852 1691 munivit,
878 1648 994 1693 atque
1020 1644 1295 1682 mercatoribus
1321 1643 1518 1690 concessit,

147 1699 202 1747 fust
224 1702 354 1742 vinum
390 1705 427 1743 in
463 1704 591 1744 castra
621 1705 857 1752 conferrent,
902 1718 978 1755 qua
1004 1718 1045 1744 re
1073 1704 1250 1751 Metellus
1274 1704 1399 1744 ebrios
1425 1704 1517 1744 Poe-

204 1765 291 1806 rujm
325 1766 580 1806 mercenarios
614 1766 726 1805 facile
760 1767 909 1804 vincere
953 1766 1090 1815 potuit.
1162 1766 1233 1803 Hic
1271 1765 1360 1804 belli
1394 1777 1518 1804 annus

115 1822 271 1879 setiam
290 1826 521 1874 praeclarus
542 1830 601 1865 est
626 1826 799 1865 fabulosa
826 1825 960 1876 Reguli
986 1838 1010 1864 a
1029 1826 1167 1864 Poenis
1193 1826 1297 1875 capti
1324 1825 1517 1875 legatione

165 1866 182 1886 ἓ
214 1880 221 1908 1
220 1884 441 1933 Romanos
481 1887 548 1936 qui
574 1889 622 1926 ab
648 1888 708 1925 his
732 1890 904 1937 peteret,
945 1891 988 1924 ut
1014 1886 1154 1936 captivi
1179 1891 1516 1928 commutarentur

145 1942 238 2008 Q
264 1945 311 1984 de
338 1947 557 1987 narratione
591 1960 616 1987 a
642 1947 832 1986 veteribus
858 1945 1077 1985 auctoribus
1102 1946 1206 1985 varie
1231 1946 1379 1986 tradita
1409 1959 1434 1986 a
1459 1958 1518 1987 re·

140 2002 386 2055 ·'''”nti0ribus
410 2021 538 2047 rerum
565 2009 815 2059 scriptoribus
840 2007 963 2065 multa
989 2008 1184 2057 disputata
1210 2012 1300 2046 sunt
1310 2009 1363 2059 ⁷),
1391 2008 1448 2047 ita
1474 2012 1518 2047 ut

145 2109 154 2119 Q
202 2066 327 2114 eviter
351 2071 501 2107 tantum
530 2083 610 2108 rem
637 2070 827 2119 attingere
852 2069 948 2107 mihi
975 2069 1100 2107 liceat.
1130 2068 1337 2119 Eutropius
1349 2068 1396 2119 ⁹),
1424 2068 1516 2108 Oro·

139 2119 166 2175 ἶ
206 2121 323 2189 {mk
361 2127 433 2167 Dio
461 2129 615 2169 Cassius
637 2133 705 2178 ¹1),
739 2131 908 2173 Zonaras
926 2131 996 2179 ¹2),
1023 2130 1089 2179 qui
1116 2129 1265 2168 Livium
1291 2130 1410 2169 secuti
1435 2141 1516 2168 esse

248 2190 349 2235 tur,
388 2189 535 2229 diserte
573 2191 757 2239 tradunt,
800 2192 946 2230 Poenos
984 2190 1116 2229 fractis
1149 2190 1286 2228 animis
1317 2190 1516 2240 Regulum,

225 2293 267 2334 ,ι)
306 2293 333 2334 1,
355 2294 396 2326 39
418 2296 452 2326 et
472 2296 523 2327 40.
608 2296 636 2334 π)
679 2296 721 2336 11,
744 2296 773 2336 5,
796 2297 827 2327 4.
869 2295 927 2336 111⁷
952 2295 1000 2336 17,
1024 2296 1052 2327 1.
1094 2294 1119 2335 1,
1145 2296 1175 2334 7,
1200 2294 1228 2325 1.
1312 2293 1338 2334 8)
1378 2293 1419 2334 11,
1441 2294 1495 2327 24.

237 2340 401 2387 ⁴1:932
425 2347 477 2379 ed.
498 2346 597 2380 Jahn.
687 2349 716 2387 ⁵)
758 2348 813 2388 Ν,
835 2349 866 2380 9.
950 2348 976 2385 ⁶)
1017 2347 1105 2386 VIII,
1129 2348 1177 2378 14.
1260 2346 1287 2386 τ)
1329 2348 1396 2377 nat.
1418 2345 1496 2377 hist.

237 2394 292 2442 16,
315 2398 367 2431 16.
409 2398 530 2439 xvm,
551 2402 582 2442 4,
605 2402 634 2434 7.
738 2399 765 2441 e)
811 2399 931 2441 xxm,
955 2399 1005 2430 21.
1109 2398 1135 2439 ⁹)
1178 2398 1239 2430 cfr.
1259 2397 1397 2429 Haltaus
1427 2397 1495 2428 1.1.

216 2443 233 2447 ””
274 2474 283 2483 .
379 2450 421 2492 ¹⁰)
464 2450 506 2492 11,
529 2452 580 2484 24.
678 2452 720 2494 ιι)
762 2452 818 2492 lv,
840 2454 870 2484 9.
970 2451 1010 2491 ¹2>
1052 2450 1117 2493 frg.
1137 2451 1190 2492 43,
1212 2451 1346 2482 26-29.
