1678 2671
77 193 88 231 1
134 185 346 237 Eutropius
357 186 398 235 ¹),
424 184 581 225 Orosius
589 184 628 233 2)
639 182 747 221 Livio
765 183 860 221 duce
877 183 1037 222 Fabium
1065 183 1300 223 cousuluisse
1312 183 1503 231 videntur,

69 236 223 294 ,νζςτ-ᾲῑιὶυ
241 247 282 286 in
301 247 361 286 his
374 257 525 296 quoque
538 242 866 282 librisPoenorum
887 243 1053 293 perfidia
1068 245 1183 283 nimis
1200 245 1303 284 elata
1321 245 1384 284 sit.
1410 244 1504 283 oto-

77 304 79 307 ’
105 295 217 348 *esus
242 304 397 358 ‹juidem
423 319 499 345 non
527 317 551 344 a
570 303 697 342 Boode
725 303 790 341 sed
817 304 865 342 ab
893 305 975 354 ipso
1000 305 1214 344 Hannibale
1240 309 1394 355 captum
1422 317 1503 343 esse

75 367 352 421 --gspipionem
379 367 490 413 dicit,
535 364 601 403 sed
628 363 724 401 haec
750 362 968 404 differentia
1000 365 1109 404 facile
1141 366 1372 416 explicatur,
1416 377 1503 405 cum

117 429 285 474 „Boodes
302 428 500 468 simulasse
519 423 685 470 dicat-un
714 424 971 464 Hannibalem
997 427 1122 477 ipsum
1142 427 1376 478 expeditioni
1392 439 1503 478 prae-

75 512 81 516 ·
137 499 231 529 esse.
283 489 440 528 Orosius
466 487 704 536 deniqueex
731 498 835 524 more
863 498 931 524 suo
957 499 1037 525 rem
1065 488 1282 538 ampliavit,
1310 499 1395 526 cum
1423 488 1501 526 Soi-

127 545 286 601 ‘p'ionem
322 551 360 588 in
387 547 548 586 vinculis
573 550 750 585 necatum
777 558 858 584 esse
887 547 1009 594 dicat,
1052 548 1153 597 quod
1181 560 1337 598 prorsus
1361 548 1502 588 falsum

21 626 50 635 ..
79 614 213 659 fest,
240 622 325 649 eum
352 609 478 659 Scipio
503 610 637 657 postea
663 607 802 645 iterum
829 608 959 653 consul
985 607 1110 646 faetus
1135 609 1196 647 sit.
1252 610 1449 659 Appianus
1467 610 1501 656 ³)

124 684 287 722 >quoque
313 670 414 709 hanc
439 681 519 708 rem
546 669 866 715 commemoravit,
894 668 958 707 sed
986 669 1086 707 iusto
1113 669 1275 716 brevius,
1302 674 1502 721 praeterea

132 732 193 773 M..
216 731 434 772 Cornelium
459 741 661 781 perperam
688 729 862 768 nominat
888 729 1102 777 consulem,
1128 743 1214 770 eum
1242 731 1383 770 Cneius
1409 730 1502 771 Cor-

135 793 261 832 nelius
285 793 413 831 fuerit.

239 853 293 891 De
332 854 400 891 Cn.
437 851 603 889 Cornelii
642 850 828 900 Scipionis
868 852 1090 900 cognomine
1126 852 1244 890 Asina
1282 852 1408 890 neseio
1449 864 1500 891 au
1568 874 1577 877 -

118 913 366 953 *Niebuhrius
383 912 417 956 ⁴)
453 915 557 950 recte
592 911 818 959 coniecerit,
862 915 944 950 tum
985 913 1149 962 primum
1189 912 1262 951 hoc
1293 923 1500 962 cognomen

135 975 239 1025 genti
266 973 464 1012 Corneliae
492 985 573 1010 esse
600 972 784 1019 inditum,
823 985 908 1011 cum
936 973 1152 1012 Macrobius
1172 974 1208 1021 ⁵)
1234 972 1396 1011 affirmet
1422 974 1500 1013 iam

135 1038 251 1074 antea
275 1034 391 1072 fuisse
419 1032 607 1071 Corneliis
634 1045 842 1082 cognomen
871 1034 1019 1071 Asinae.

238 1094 413 1133 Cornelio
452 1107 476 1133 a
510 1094 648 1144 Poenis
681 1097 793 1143 capto
832 1094 931 1132 alter
964 1093 1096 1132 consul
1130 1093 1172 1131 O.
1207 1093 1380 1132 Duellius
1413 1106 1501 1133 cum

124 1159 217 1202 ‚tota
243 1156 362 1195 classe
390 1158 542 1194 evectus
570 1154 903 1204 Carthaginienses
935 1154 1038 1204 apud
1064 1153 1255 1203 Mylaeum
1282 1158 1507 1204 promont&

134 1218 233 1255 rium
262 1217 361 1255 vicit.
433 1216 500 1254 His
527 1216 567 1254 in
594 1216 707 1254 rebus
732 1216 936 1254 narrandis
963 1216 1160 1264 Polybium
1180 1216 1213 1262 ὅ)
1240 1215 1348 1254 Fabii
1381 1228 1500 1255 anna·

134 1277 190 1316 les
223 1281 393 1315 secutum
432 1289 513 1315 esse
551 1277 635 1326 ipsa
666 1277 748 1315 eius
780 1277 896 1315 verba
927 1273 1187 1327 Καρχηδόνιοι
1221 1300 1263 1306 -
1301 1289 1499 1328 καταφρο-

134 1339 287 1383 νοῦντες
318 1339 387 1388 τῆς
417 1333 600 1387 ἀπειρίας
630 1340 714 1375 τῶν.
737 1335 934 1387 Ῥωμαίων
959 1335 1105 1384 πάντες
1137 1334 1278 1376 ἔπλεον
1303 1333 1500 1389 ἀντίπρῳ-

134 1411 196 1448 ροι
228 1399 313 1443 τοῖς
352 1395 559 1446 πολεμίοις
589 1394 680 1437 οὐδὲ
711 1397 856 1447 τάξεως
886 1396 1193 1446 καταξιώσαντες
1223 1395 1291 1435 τὸν
1324 1395 1500 1436 κίνδυνον

134 1454 218 1496 ἀλλ’
245 1454 298 1503 ὥς
323 1456 393 1495 ἐπὶ
420 1455 527 1496 λείαν
553 1456 640 1496 τινὰ
667 1456 864 1510 πρόδηλον
899 1459 1159 1498 demonstrare
1192 1458 1284 1496 mihi
1312 1459 1499 1507 videntur,

135 1531 219 1557 eum
250 1519 417 1556 Zonaras
437 1521 492 1567 ⁷),
539 1518 661 1557 Dione
689 1520 818 1558 Cassio
855 1520 970 1565 duce,
1015 1522 1083 1556 aut
1118 1518 1349 1565 Diodorum,
1392 1519 1500 1558 cuius

135 1580 305 1618 narratio
343 1591 420 1616 non
455 1582 599 1625 exstat,
645 1583 714 1617 aut
749 1581 873 1630 ipsum
909 1579 1101 1617 Philinum
1136 1583 1288 1617 secutus
1322 1580 1391 1626 sit,
1433 1580 1500 1629 qui

134 1641 256 1687 dixit:
310 1636 479 1691 συντόνῳ
506 1638 723 1691 χρῳμένους
749 1636 896 1692 εἰρεσίᾳ
924 1641 1108 1690 impetum
1136 1639 1270 1678 fecisse
1298 1638 1499 1690 Carthagi·

133 1702 283 1740 nienses
321 1702 361 1739 in
401 1701 604 1739 Romanos.
687 1702 891 1741 Praeterea
926 1702 1132 1751 Eutropius
1150 1702 1187 1749 8)
1221 1704 1260 1739 et
1293 1700 1450 1740 Orosius
1467 1702 1500 1748 ⁹)

133 1762 268 1801 eadem
293 1761 464 1799 referunt
490 1766 606 1811 atque
633 1762 829 1812 Polybius,
864 1775 940 1812 qua
966 1775 1006 1800 re
1032 1761 1252 1801 confirmari
1277 1762 1371 1799 mihi
1399 1761 1500 1800 vide-

105 1822 108 1823 ’
134 1827 217 1876 tur,
261 1822 459 1873 Polybium
488 1826 527 1861 et
554 1823 721 1870 Livium,
765 1823 830 1873 qui
866 1835 1062 1873 nunquam
1092 1822 1283 1861 Philinum
1311 1821 1499 1871 adhibuit,

47 1891 49 1893 '
75 1906 78 1909 ·
131 1883 293 1924 Fabium
325 1886 473 1921 secutos
515 1896 628 1933 esse„
686 1884 862 1934 Polybius
894 1885 1068 1934 quidem.
1120 1884 1186 1933 qui
1224 1895 1345 1932 aeque
1382 1886 1500 1933 atque

135 1944 340 1993 Eutropius
374 1947 414 1981 et
450 1943 607 1982 Orosius
645 1945 775 1983 XXXI
814 1958 930 1983 naves
967 1958 990 1982 a
1025 1944 1208 1982 Romanis
1247 1947 1379 1993 captas
1417 1955 1500 1982 esse

133 2004 301 2049 rettulit,
327 2007 459 2053 postea
483 2017 570 2042 eum
595 2007 751 2044 navium
770 2009 971 2055 captarum
997 2009 1037 2043 et
1062 2016 1271 2043 mersurum
1299 2016 1499 2042 numerum

79 2063 100 2068 “’
134 2065 165 2104 L
185 2057 299 2102 fuisse
318 2063 468 2111 dixerit,
495 2066 613 2105 nimio
638 2066 838 2105 brevitatis
864 2066 991 2105 studio
1019 2066 1173 2117 plenam
1199 2078 1396 2112 summam,
1423 2076 1499 2103 nou

42 2148 47 2152 -
121 2119 353 2164 'adcuratum
380 2126 534 2164 navium
562 2131 763 2178 captarum
789 2132 831 2167 et
853 2128 1113 2167 demersarum
1139 2139 1357 2174 numerum,
1387 2138 1499 2176 quem

42 2186 69 2231 ᾗ,
92 2230 96 2232 ,
122 2185 340 2236 Eutropius
367 2189 405 2224 et
431 2185 585 2227 Orosius
610 2188 754 2229 referre
780 2189 875 2228 mihi
900 2188 1101 2236 videntur,
1129 2187 1272 2227 attulit.
1327 2186 1500 2238 Denique

218 2343 241 2382 ι)
283 2342 331 2382 11,
355 2343 406 2374 20.
513 2344 540 2383 ι)
583 2344 689 2385 1v,7.
796 2345 825 2386 ³)
868 2345 1177 2386 Pun.v111,4‚3.

217 2395 242 2433 ⁴)
284 2394 377 2426 Rem.
401 2393 705 2430 Gesch.111.6⁷7.
809 2398 837 2437 ⁵)
881 2399 1053 2436 sat.1‚6.
1159 2397 1186 2437 ⁶)
1227 2397 1260 2438 1,
1283 2398 1395 2438 23,3.

216 2446 243 2487 τ)
284 2445 378 2487 vm,
401 2448 448 2478 11.
554 2447 584 2489 8)
625 2449 749 2490 11,20.
855 2449 882 2490 ⁹)
925 2449 980 2490 lv,
1004 2451 1034 2482 7.
