1678 2671
434 48 495 68 3252..
802 40 910 71 ’μὲ-,Ἆῤ
917 44 941 65 3,
956 42 967 62 ἱ

238 318 360 372 “ffjtg
352 316 490 357 Poeni
517 315 604 354 e'um
624 315 813 354 alacriter
837 314 1064 354 invadentes
1089 313 1212 363 fugati
1238 316 1350 358 sunt,
1384 311 1443 350 ita
1467 314 1511 349 nt

310 377 470 418 uamdiu
495 375 681 415 Claudius
706 376 839 415 consul
863 376 904 413 in
930 374 1061 414 Sicilia
1087 375 1178 420 fuit,
1210 378 1242 412 e
1242 372 1396 412 eastris
1422 383 1510 422 pro-

252 451 344 500 non
354 438 433 475 sint
457 437 555 475 ausi.
625 436 770 485 Appius
797 439 924 474 autem
953 435 1161 484 Syracusas
1187 433 1364 473 obsidens
1396 443 1511 500 saepe

185 568 192 607 ᾗ
209 572 298 600 osse
323 572 376 597 ox
396 558 444 596 iis
470 557 740 607 expedivisset:
769 557 815 595 de
841 569 935 607 pace
961 569 1048 595 cum
1067 556 1232 594 Hierone
1259 567 1377 604 agens
1402 552 1512 604 paul—

123 620 255 680 §afim
280 619 436 669 recessit
460 618 580 656 donec
605 618 646 656 in
671 621 756 657 tuto
782 622 893 656 esset.
938 617 1074 666 Itaque
1085 616 1230 666 Appius
1256 627 1378 665 neque
1397 614 1512 664 Syra-

121 682 257 736 -Isso‘usas
289 691 535 729 expugnare,
588 691 711 728 neque
747 679 892 717 Poenos
926 690 947 716 e
981 678 1118 716 castris
1149 676 1339 727 expellere
1373 675 1510 726 potuit·

182 748 252 789 'aec
278 741 448 782 Zonarae
475 740 645 777 narratio
671 751 794 788 neque
820 738 1005 776 concinit
1014 750 1099 775 cum
1124 738 1172 775 iis
1198 749 1297 786 quae
1322 735 1512 785 Polybius,

76 808 272 857 ,ῥιζιχιιοςιιθ
297 812 385 838 cum
411 800 458 837 iis
488 812 586 849 quae
615 799 787 837 Philinus
813 798 993 845 tradidit,
1040 800 1168 843 tafnen
1194 810 1241 836 ex
1267 800 1423 835 auctore
1448 795 1513 834 de·

65 855 67 857 ¹
166 858 300 911 u'ijn'pta
325 859 478 907 videtur
501 872 582 898 esse
610 872 677 909 qu1
702 871 727 897 a
754 859 963 898 Poenorum
990 861 1099 908 parte
1126 858 1244 896 stetit.
1297 857 1370 904 Qui
1396 850 1514 895 'fuerit

190 932 219 960 e
237 920 418 970 scriptor,
452 923 581 957 utrum
611 920 731 965 Zeno,
759 920 847 969 qui,
874 923 917 957 ut
943 932 963 958 e
992 918 1158 967 Diogene
1185 917 1337 956 Laertio
1363 929 1512 968 compe-

145 994 285 1054 mnus,
324 979 411 1031 post
445 979 586 1019 bellum
621 981 803 1019 Punicum
836 981 1001 1030 primum
1042 981 1112 1017 τοῦ
1145 976 1301 1030 Πύρρου
1337 974 1513 1028 ἱστορίαν

138 1094 281 1152 [μαίοις
303 1116 347 1141 τε
371 1115 439 1140 και
459 1098 737 1153 Καρχηδονίοις
761 1102 1009 1151 conscripsit,
1043 1114 1093 1139 an
1119 1101 1218 1139 alius
1245 1100 1408 1150 scriptor
1433 1099 1513 1138 fue-

147 1162 218 1217 rit,
262 1164 370 1202 cuius
396 1175 533 1201 nomen
561 1175 637 1201 non
666 1166 724 1201 est
749 1166 900 1207 notum,
945 1163 1147 1201 diiudicari
1174 1161 1314 1212 nequit.
1342 1184 1389 1189 —
1443 1160 1513 1200 Ce-

147 1209 236 1263 teri
262 1224 466 1273 scriptores
507 1224 642 1262 Florus
663 1225 694 1271 1)
711 1253 720 1270 ,
766 1223 973 1272 Eutropius
989 1224 1022 1272 2)
1038 1253 1046 1269 ,
1091 1223 1246 1261 Orosius
1264 1224 1299 1270 3)
1339 1222 1514 1261 celeriter

150 1284 482 1334 Carthaginienses
514 1296 538 1321 a
575 1284 755 1326 Romanis
790 1284 907 1321 victos
940 1295 1023 1322 esse
1056 1284 1235 1328 tradunt,
1279 1294 1356 1332 qua
1390 1294 1438 1320 ex
1471 1293 1514 1320 re

150 1338 254 1396 recte
285 1345 463 1394 colligere
496 1357 556 1383 me
591 1348 699 1394 puto,
741 1344 893 1383 Valerio
929 1344 1077 1382 Antiati
1111 1344 1217 1382 illam
1254 1343 1514 1382 narrationem

124 1403 299 1455 sydeh'eri,
325 1406 550 1455 praesertim
576 1418 664 1443 cum
687 1405 728 1443 in
755 1405 851 1443 Livii
879 1405 1061 1454 periocha
1086 1404 1174 1443 libri
1193 1405 1283 1443 XVI
1309 1405 1516 1442 immensus

123 1465 349 1518 'ssgcensprum
367 1465 562 1504 hominum
581 1464 762 1503 numerus
779 1469 1102 1511 commemoretur,
1129 1466 1195 1514 qui
1213 1469 1257 1502 ut
1270 1464 1465 1502 Nissenius
1478 1466 1514 1511 ⁴¹¹)

122 1521 373 1573 :affin-mavit,
408 1538 556 1576 semper
584 1519 724 1564 Valerii
753 1526 919 1564 Antiatis
945 1529 1159 1564 commenta
1184 1525 1322 1575 prodit.

145 1586 159 1623 ,’
191 1584 202 1606 ·’
251 1586 414 1641 Romani
440 1587 620 1625 certiores
645 1587 736 1624 facti
764 1588 811 1626 de
838 1587 952 1626 rebus
978 1587 1026 1625 ab
1058 1587 1179 1637 Appio
1207 1586 1369 1624 Claudio
1396 1584 1516 1625 felici·

121 1640 212 1686 =ter
236 1647 276 1685 in'
303 1647 433 1686 Sicilia
458 1648 573 1698 gestis
602 1647 663 1685 M.’
691 1647 895 1686 Otacilium
925 1648 1103 1687 Crassum
1130 1646 1194 1686 M.'
1213 1647 1408 1686 Valerium
1435 1646 1516 1686 Ma-

123 1702 298 1756 Ϊ.ῖκιιιιιιιο
331 1708 510 1747 consules
549 1722 636 1747 cum
679 1709 731 1746 IV
770 1709 985 1758 legionibus
1024 1709 1063 1746 in
1104 1708 1274 1747 Siciliam
1318 1708 1515 1756 miserunt,

119 1767 308 1827 ζρῃιιῑὺιιε
316 1768 606 1807 advenientibus
637 1768 760 1807 multa
787 1769 1162 1817 Carthaginiensium
1199 1772 1238 1806 et
1263 1766 1517 1817 Syracusano-

130 1826 238 1872 ,ἶτωο
260 1822 405 1880 oppida
430 1829 479 1867 ad
507 1829 697 1868 Romanos
724 1829 956 1868 defecerunt.
1026 1829 1209 1868 Consules
1243 1829 1517 1880 Syracusarum

151 1893 339 1939 pararunt
362 1890 608 1928 obsidionem.
677 1891 792 1929 Hiero
820 1894 948 1928 autem
974 1869 1119 1940 legatos
1145 1891 1192 1928 de
1221 1902 1313 1939 pace
1339 1891 1518 1929 facienda

144 1989 164 2000 ,,
211 1947 297 1987 ῐοόε
323 1949 437 1989 misit.
508 1950 687 1989 Foederis
714 1951 951 1990 conditiones
978 1951 1156 2001 Polybius
1176 1952 1211 1999 ⁵)
1246 1949 1317 1989 has
1341 1950 1516 1991 rettulit:

125 1987 213 2047 {int
216 2005 339 2049 Hiero
365 2012 542 2051 redderet
567 2014 737 2062 captivos
766 2013 947 2052 Romanis
982 2014 1062 2051 sine
1097 2013 1221 2062 pretio
1247 2016 1287 2051 et
1313 2012 1343 2051 C
1369 2013 1519 2052 talenta

242 2082 311 2120 per
348 2058 543 2120 penderet.
617 2074 700 2119 Quo
726 2085 773 2111 ex
798 2075 904 2112 tonte
938 2074 1032 2111 haec
1058 2073 1230 2111 hauserit
1253 2073 1431 2122 Polybius
1454 2073 1518 2111 vix

255 2142 331 2172 an
356 2136 502 2181 potest,
537 2147 623 2172 cum
649 2134 768 2172 nimio
794 2134 993 2173 brevitatis
1019 2134 1146 2172 studio
1172 2133 1300 2173 omnia
1325 2137 1518 2173 coartave-

279 2190 469 2231 Diodorus
488 2195 525 2243 6)
557 2194 747 2232 Philinum
775 2199 927 2232 secutus
953 2195 1102 2232 videtur
1129 2206 1229 2239 esse,
1273 2207 1359 2231 cum
1385 2199 1424 2232 et
1449 2207 1518 2232 nu-

261 2261 300 2292 m
325 2253 366 2289 et
389 2253 545 2292 nomina
571 2254 724 2293 urbium
750 2258 789 2293 et
815 2255 1001 2293 rationem
1029 2266 1106 2305 qua
1131 2265 1171 2292 se
1189 2253 1371 2292 Romanis
1395 2253 1519 2292 dedis·

196 2405 218 2424 *-
241 2399 265 2446 ἦ)
307 2411 339 2442 p.
361 2403 413 2434 29.
435 2403 487 2435 ed.
508 2403 605 2436 Jahn.
712 2404 739 2440 ²)
782 2403 829 2442 11,
856 2404 903 2434 18.
1010 2403 1035 2442 ³)
1077 2402 1133 2434 IV.
1159 2404 1190 2433 7.

252 2451 327 2498 >1-
347 2453 370 2484 1·
390 2463 423 2494 ι»-
445 2456 496 2487 48·
592 2456 621 2493 ⁵)
661 2455 768 2496 1,15.
853 2455 881 2496 θ)
924 2454 1054 2495 xxm,
1077 2456 1107 2487 4.

369 196 431 245 ‘ni
523 196 681 253 norum
675 164 846 234 castra
856 154 1202 244 oppugnaverunt,
1252 198 1384 230 eorum
1423 189 1511 241 telis
1537 180 1544 209 Ῑ

364 255 427 304 {35
437 253 513 295 se'd
545 267 633 294 eum
655 247 803 305 Appius
829 253 1012 294 Claudius
1037 252 1244 293 exercitum
1276 264 1316 290 se
1342 250 1522 305 reciperer

122 1081 126 1084 ,
144 1037 206 1089 εἷς
227 1037 389 1081 Ἰταλίαν
423 1039 491 1079 καὶ
522 1040 701 1079 Σικελίαν
734 1045 774 1079 et
800 1039 992 1093 ἐπιτομὴν
1016 1041 1094 1079 τῶν
1119 1037 1402 1096 πεπραγμένων
1422 1035 1514 1077 Ῥω·
1560 1054 1565 1057 ’
