1678 2671
80 190 82 192 ’
105 221 108 223 Α
155 190 263 235 sent,
288 162 623 233 alecuratstradat
649 189 688 225 et
714 185 952 226 conditiones
978 183 1116 237 qustum
1135 181 1252 228 ΗῘΘῙὌ
1268 199 1378 233 ⁶¹²¹„

152 248 215 288 nis
239 246 374 287 foedus
399 247 546 295 inierit,
572 247 783 296 iniquiores
809 250 1091 286 commomoret.
1119 270 1168 276 —
1203 243 1397 286 1nLiviif·

155 308 229 348 cha
254 307 349 347 nihil
382 307 456 346 nisi
490 319 566 358 pax
594 319 679 346 oum
705 307 872 347 Hierone
899 308 995 346 inita
1021 307 1185 346 refertur
1198 338 1207 354 ‚
1261 308 1451 360 Eutropiu

100 417 102 420 y
155 365 283 408 antem
323 373 363 407 et
396 367 552 407 Orosius
571 370 603 416 2)
638 368 843 407 Hieronem
880 368 941 407 CC
978 369 1127 408 talenta
1163 368 1311 407 dedisse
1351 362 1475 416 trad«,

155 430 257 481 quod
283 429 421 468 iterum
450 428 644 468 Valerium
673 428 866 467 Antiatem
894 429 1037 467 fontem
1065 429 1228 476 indicat,
1262 430 1328 480 qui
1354 421 1509 480 plerum,
1549 473 1566 477 .,

128 502 229 540 ..que
256 502 434 528 numeros
460 490 581 539 auxit.
634 490 844 539 Eutropius
873 489 1034 529 fortasse
1060 502 1219 537 rerum,
1235 502 1333 539 quae
1359 490 1427 530 illo
1453 484 1573 543 ιλιι-ΞΖ7

138 563 206 590 »no
232 551 272 588 in
296 550 428 589 Sicilia
453 554 582 599 gestae
609 554 708 596 sunt,
735 549 979 588 multitudine
1006 550 1253 600 perturbatus
1277 563 1416 600 pacem
1435 563 1522 590 cum

156 611 321 650 Hierone
354 610 496 653 factam
524 622 605 649 esse
626 611 757 649 -tertio
784 611 936 649 demum
970 611 1059 650 belli
1092 623 1194 649 anno
1221 611 1324 650 dicit.
1350 634 1399 640 —
1452 611 1518 652 Zo-
1567 630 1573 646 x

155 684 270 711 naras
295 674 331 722 3)
357 671 520 721 denique
553 684 682 710 rerum
717 672 783 709 illo
809 684 911 710 anno
947 675 1138 720 gestarum
1174 672 1521 714 narrationemeita
1567 665 1575 700 s*

154 732 364 780 coartavit,
398 737 442 771 ut
467 735 611 771 certum
638 731 829 782 quoddam
857 732 1038 772 iudicium
1065 733 1112 772 de
1138 732 1244 772 fonte
1272 731 1404 772 Dionis
1429 732 1520 774 Cas-

154 794 222 842 sii,
259 807 381 844 quem¹
399 807 548 844 semper
572 794 790 843 exscripsit,
831 794 994 844 proferri
1019 799 1197 845 nequeat.
1250 794 1427 843 Fortasse
1453 787 1534 835 ali-9

153 858 232 894 tem
258 866 306 893 ea
331 868 396 902 re,
424 855 524 905 quod
552 855 599 892 de
626 854 716 893 belli
743 867 842 892 anno
869 855 981 893 XVII
1006 855 1066 893 vel
1093 855 1162 893 XV
1189 867 1290 893 anno
1317 858 1520 905 postquam

155 916 289 954 foedus
324 917 443 954 ictum
479 919 538 953 est
571 928 595 952 a
620 915 802 953 Romanis
837 918 876 953 et
902 915 1150 964 Syracusanis
1179 916 1347 955 Zonaras
1368 918 1407 975 ⁴2
1441 912 1520 957 tra·

155 976 231 1024 dit,
259 975 324 1015 illo
350 988 452 1014 anno
472 976 663 1014 Romanos
689 976 880 1014 amicitiae
908 975 1041 1013 foedus
1067 988 1152 1014 cum
1182 976 1346 1015 Hierone
1372 977 1534 1016 iustam..
1577 991 1629 1002 ν

155 1050 278 1084 rasse,
322 1040 362 1076 et
388 1037 489 1087 quod
518 1036 707 1075 Diodorus
723 1038 760 1086 ⁵)
786 1036 1041 1075 conditionem
1075 1037 1181 1087 pacis
1215 1037 1331 1076 fuisse
1357 1038 1451 1077 dicit
1476 1042 1521 1078 ut

155 1098 289 1137 foedus
320 1096 390 1136 fiat
426 1098 466 1135 in
495 1097 564 1135 XV
591 1109 732 1142 annOS,
776 1097 1077 1142 demonstratur,
1122 1101 1191 1136 aut
1218 1098 1425 1137 Diodorum
1452 1103 1520 1138 aut
1618 1103 1626 1114 ²

154 1159 280 1210 ipsum
308 1158 500 1197 Philinum
525 1157 641 1196 fuisse
668 1157 801 1196 Dionis
828 1157 950 1196 Cassii
975 1161 1181 1196 auctorem.

258 1220 425 1260 Foedere
450 1231 537 1257 cum
566 1217 729 1257 Hierone
754 1222 867 1268 pacto
894 1219 1067 1257 consules
1095 1219 1226 1266 urbes,
1271 1233 1369 1270 quae
1395 1222 1436 1260 in
1463 1221 1519 1261 Si«

153 1281 244 1320 cilia
269 1281 366 1319 sitae
393 1281 431 1318 in
459 1280 671 1318 Poenorum
699 1279 843 1317 ditione
870 1283 1000 1326 erant,
1038 1285 1323 1330 oppugnarunt,
1357 1282 1519 1325 nonnul÷
1613 1317 1617 1321 ,
1656 1324 1666 1330 ‚.

152 1342 210 1381 las
235 1345 517 1392 expugnarunt.
587 1340 732 1378 Deinde
758 1340 821 1380 M.’
850 1341 1043 1379 Valerium
1072 1341 1280 1381 Maximum
1308 1343 1355 1381 de
1382 1343 1520 1382 Poenis

153 1408 193 1442 et
226 1403 274 1443 de
310 1414 397 1452 rege
436 1401 649 1441 Siculorum
684 1400 851 1439 Hierone
891 1401 1147 1452 triumphasse
1185 1403 1275 1441 fasti
1310 1403 1518 1453 Capit-oliui
1547 1425 1549 1427 ·
1576 1427 1578 1431 ν

153 1465 349 1512 referunt,
403 1463 513 1513 eique
554 1474 691 1501 nomen
728 1461 906 1501 Messalla
945 1462 1110 1502 inditum
1149 1477 1230 1503 esse
1269 1464 1429 1503 tradunt
1469 1464 1517 1518 ob
1576 1463 1675 1495 i·

151 1526 354 1565 Messanae
389 1525 721 1574 expugnationem.
794 1524 937 1562 Seneca
957 1525 991 1573 ⁶)
1027 1538 1177 1575 quoque
1204 1526 1296 1564 dicit
1325 1526 1529 1568 Valerium:
1555 1524 1636 1577 ‘j
1663 1524 1666 1528 ”

153 1586 357 1625 Corvinum
379 1587 434 1633 7),
470 1586 535 1634 qui
564 1585 778 1622 Messanam
805 1585 965 1634 ceperit,
1002 1585 1216 1624 Messanam
1243 1598 1325 1624 esse
1350 1586 1518 1636 appella-.-

153 1651 255 1693 tum,
300 1659 374 1696 quo
409 1658 456 1683 ex
495 1645 647 1683 nomine
691 1645 893 1694 paullatim
928 1645 1040 1694 vulgo
1083 1650 1327 1695 permutante
1370 1636 1533 1685 litterasv

155 1707 335 1747 Messalla
361 1710 488 1746 ortum
516 1706 578 1745 sit.
649 1705 723 1744 Sed
750 1705 822 1749 hoc
846 1718 1002 1756 prorsus
1029 1706 1167 1745 falsum
1194 1710 1270 1754 est,
1309 1720 1397 1746 cum
1422 1706 1520 1750 Mes·
1554 1702 1583 1754 ’ᾖ

153 1782 286 1809 sanam
313 1768 443 1808 urbem
464 1768 627 1806 Romani
655 1780 730 1806 non
756 1767 937 1817 ceperint,
965 1767 1030 1806 sed
1045 1767 1263 1807 Mamertini
1291 1781 1360 1807 sua
1386 1772 1520 1819 sponte
1544 1779 1564 1796 v
1664 1786 1673 1795 ⁶

153 1843 237 1870 eam
276 1831 353 1868 iam
388 1841 489 1867 anno
525 1828 698 1878 proximo
726 1828 1036 1878 AppioClaudio
1064 1829 1251 1883 dederint.
1299 1829 1466 1868 vPlinius
1484 1824 1520 1876 ⁸)

152 1891 271 1931 refert
302 1903 326 1929 a
362 1890 426 1928 M.’
455 1890 607 1928 Valerio
634 1889 802 1928 Maximo
829 1889 993 1928 Messala
1030 1889 1200 1928 tabulam
1237 1890 1375 1941 proelii
1392 1920 1420 1936 „
1445 1902 1520 1940 quo
1540 1882 1674 1940 *⁵:122*

114 1998 117 2000 ‚
153 1952 300 1990 Poenos
334 1954 373 1989 et
407 1950 665 1999 Syracusanos
699 1943 880 1987 devicerit
896 1979 905 1996 ‚
949 1952 989 1987 in
1025 1950 1144 1989 latere
1179 1951 1307 1989 curiae
1334 1950 1522 1999 Hostiliae
1531 1942 1669 2005 {sig

240 2299 264 2335 ι)
308 2297 357 2335 11,
383 2297 430 2328 18.
517 2296 545 2332 2)
589 2295 643 2333 IV,
667 2298 696 2326 7.
780 2296 808 2336 3)
852 2296 945 2335 VIII,
967 2298 997 2327 9.
1082 2296 1108 2335 ⁴)
1150 2295 1244 2335 VIII,
1270 2297 1318 2327 16.

237 2350 262 2373 ⁵¹
306 2347 437 2386 XXIII,
459 2348 489 2379 4.
610 2346 636 2386 ⁶)
679 2347 720 2378 de
742 2347 831 2379 brev.
853 2347 913 2379 vit.
942 2357 971 2379 c.
993 2347 1082 2378 XIII.

236 2401 263 2440 ⁷)
306 2399 435 2432 corvini
457 2408 639 2440 cognomen
663 2398 785 2430 Seneca
808 2408 918 2431 errore
940 2400 1056 2440 captus
1078 2398 1217 2430 addidit.

238 2451 267 2493 8)
308 2453 376 2483 nat.
401 2451 479 2482 hist.
500 2450 634 2490 XXXV,
658 2452 686 2481 7.
771 2450 798 2491 ⁹)
840 2451 933 2485 Rom.
957 2450 1073 2483 Gesch.
1093 2450 1143 2490 11,
1165 2451 1217 2482 36.
