1678 2671
255 202 456 264 ὶῖιῑιιιίεεθ,
487 205 677 275 reliquiae
702 213 849 257 autem,
886 222 985 260 quae
1012 223 1033 249 e
1059 206 1188 262 priore
1212 210 1341 261 operis
1365 209 1500 262 deper-

201 304 228 323 Α.
337 267 349 275 ‘
329 275 552 318 exstant,
557 271 800 321 quamquam
827 271 1043 321 permultae
1069 284 1154 310 cum
1183 270 1280 311 Livii
1307 277 1377 311 aut
1402 271 1493 311 Dio·

214 313 522 393 3'narrationibus
548 332 770 378 concinunt,
797 334 927 370 tamen
953 344 975 370 e
1001 331 1268 371 vetustissimis
1293 332 1498 378 annalibus

198 439 226 455 .
312 407 350 433 :e
384 405 466 433 esse
502 393 683 430 dicuntur
704 395 746 440 ¹).
825 392 922 430 Sunt
961 398 1090 431 autem
1130 392 1242 431 multi
1281 394 1321 431 in
1362 393 1496 432 Dionis

190 439 226 486 ’ἓ
229 462 250 469 ’
227 441 355 501 Ioci,
383 455 449 503 qui
476 464 632 503 prorsus
658 452 708 490 ad
734 452 889 492 verbum
917 465 938 490 e
967 454 1086 500 Livio,
1117 453 1297 497 Diodoro,
1328 453 1494 503 Polybio,

194 487 332 556 ss‘ssi-eho
365 514 542 563 exscripti
581 525 661 551 esse
688 512 866 551 videntur
885 515 939 560 2),
984 514 1041 552 ita
1073 518 1118 552 ut
1144 514 1320 563 equidem
1348 514 1497 553 Livium

277 577 325 614 in
349 575 474 625 priore
502 574 626 623 operis
652 577 761 623 parte
790 573 920 611 Dionis
951 575 1176 623 primarium
1206 574 1352 613 fontem
1379 574 1496 613 fuisse

266 667 274 685 ,
318 636 426 674 cuius
449 635 491 672 in
516 630 713 672 historiam
742 634 999 681 narrationes,
1044 647 1139 684 quas
1165 647 1185 672 e
1215 635 1398 683 Diodoro,
1425 635 1496 675 Po*
1527 638 1539 643 ‘

286 695 491 736 Plutarcho
517 694 745 743 desumpsit,
785 694 947 732 addidit.
1011 695 1144 744 Itaque
1171 695 1326 733 Cassius
1355 695 1429 734 Dio
1454 696 1495 734 in

199 752 411 803 {titionibus
437 754 708 804 componendis
736 754 895 792 eandem
923 755 1112 792 rationem
1147 759 1299 793 secutus
1334 767 1416 794 esse
1441 756 1496 794 vi-

125 816 195 863 δεῖ
265 822 380 867 atque
407 816 560 862 Livius,
602 816 667 853 sed
695 828 780 853 cum
810 815 902 862 Dio,
941 820 1148 865 antequam
1173 816 1222 854 ad
1250 816 1492 856 scribendam

125 863 324 924 hetonam
368 889 407 915 se
449 876 658 913 accinxerit
673 905 681 921 ,
734 879 988 924 pertractatos
1030 876 1210 914 habuerit
1251 880 1425 934 auctores
1442 878 1488 926 3),

112 944 288 1004 ‘qnorum
314 936 423 977 libris
449 936 506 975 uti
533 936 672 983 voluit,
717 936 933 975 accuratius
959 937 1159 976 historiam
1186 949 1314 976 rerum
1340 950 1491 988 compo·

125 994 205 1045 sffit
227 1012 345 1055 quam
372 999 520 1043 Livius,
557 998 622 1047 qui
649 998 750 1035 inter
776 995 1016 1036 scribendum
1043 1011 1155 1048 saepe
1182 998 1353 1047 collegit,
1395 1011 1494 1048 quae

138 1062 148 1069 ”’
158 1060 332 1109 emoriae
357 1059 538 1097 traderet.
607 1058 860 1104 paucissimae
887 1058 1038 1108 quidem
1067 1071 1088 1096 e
1115 1058 1249 1097 Dionis
1274 1060 1495 1099 narratione

199 1119 302 1161 bello
329 1120 471 1158 Punico
506 1119 628 1168 primo
664 1122 817 1157 exstant
851 1119 1060 1168 reliquiae,
1104 1120 1170 1157 sed
1206 1132 1292 1158 cum
1326 1120 1494 1159 Zonaras

108 1177 253 1234 Torum
272 1181 530 1219 Romanarum
557 1179 754 1218 historiam
783 1192 829 1217 ex
856 1192 932 1217 uno
953 1178 1084 1218 Cassio
1105 1180 1226 1218 Dione
1254 1180 1427 1219 hauserit
1444 1182 1494 1238 ⁴),

125 1233 400 1291 eiannalibus
426 1242 506 1280 eius
543 1242 638 1280 satis
672 1243 849 1279 accurate
884 1241 1059 1290 cognosci
1093 1245 1237 1291 potest,
1278 1255 1377 1292 quae
1404 1241 1492 1282 Cas·

126 1304 207 1344 sius
230 1302 305 1342 Dio
329 1303 367 1340 in
396 1302 504 1340 libris
530 1302 738 1352 deperditis
765 1302 971 1340 memoriae
996 1302 1211 1341 tradiderit.

150 1349 251 1414 sDe
271 1363 463 1413 Eutropio,
490 1363 554 1432 qui
577 1363 737 1401 Valente
765 1363 976 1413 imperante
991 1364 1173 1401 historiae
1191 1363 1389 1402 Romanae
1406 1363 1491 1402 bro-

126 1414 306 1481 riarium
315 1424 477 1473 scripsit,
503 1424 542 1461 in
568 1424 788 1461 universum
814 1427 918 1462 recte
944 1424 1125 1461 iudicavit
1151 1424 1300 1470 Suidas,
1328 1424 1394 1473 qui
1421 1423 1492 1462 sub

125 1473 412 1525 voceKam'vwv
429 1483 523 1521 haec
541 1484 714 1533 scripsit:
732 1481 975 1535 μετάφρασιν
983 1486 1052 1535 τῆς
1070 1479 1493 1535 ἕπιτομῆςΕιῖτροπίου

178 1542 318 1594 μαϊστὶ
343 1541 597 1592 ἐπιτεμόντος
622 1542 692 1582 τὸν
705 1541 857 1594 Λίβιον
882 1542 951 1583 τὸν
972 1540 1172 1593 Ῥωμαῖον.
1215 1544 1365 1582 Livium
1391 1544 1509 1583 enim·

191 1604 273 1651 toto
299 1617 425 1643 rerum
454 1601 586 1643 ordine
611 1610 763 1644 secutus
790 1610 848 1644 est
875 1606 1102 1655 Eutropius,
1142 1609 1257 1654 atque
1283 1605 1378 1643 satis
1403 1617 1493 1644 raro

199 1683 205 1716 ᾗ
225 1677 324 1716 quae
350 1678 370 1704 e
398 1665 504 1703 Livio
530 1665 679 1714 hausit,
706 1668 785 1705 alia
811 1668 1014 1705 admiscuit
1032 1669 1079 1713 ⁵),
1107 1678 1207 1716 quae
1233 1669 1306 1704 aut
1331 1678 1379 1704 ex
1406 1666 1494 1704 aliis

195 1723 382 1779 ptoribus
400 1728 597 1776 cognovit,
643 1733 712 1766 aut
736 1729 818 1777 ipse
848 1724 1087 1779 eXcogitavit.
1158 1727 1233 1765 Res
1257 1726 1493 1766 enarrandas

190 1780 236 1864 'fs
252 1783 378 1827 sobrio
411 1787 551 1826 iudicio
579 1779 712 1838 elegit,
757 1793 796 1826 et
822 1802 936 1837 quam
970 1788 1208 1838 paucissimis
1235 1787 1358 1827 verbis
1382 1800 1493 1827 accu-

192 1853 196 1855 ’
189 1847 436 1919 exposuit,
482 1861 669 1897 nusquam
704 1850 861 1918 consilio
898 1850 1139 1887 narrationes
1174 1848 1356 1892 mutavit,
1400 1848 1493 1886 satis

187 2149 283 2195 n-jtt.
304 2154 345 2185 29
368 2156 403 2185 et
421 2146 491 2180 Liv.
513 2150 568 2189 VI,
591 2152 642 2182 24.
704 2149 799 2181 Dion.
821 2148 861 2179 fr.
883 2122 934 2180 35.
957 2148 992 2178 ιι
1018 2149 1052 2178 et
1071 2146 1140 2178 Liv.
1164 2145 1254 2186 vm,
1276 2147 1329 2176 21.
1392 2117 1489 2177 D’ion.

181 2204 237 2243 λάξ
259 2205 280 2236 8
310 2206 344 2235 et
364 2204 436 2236 Liv.
456 2203 544 2243 vm,
570 2204 619 2242 35,
683 2201 777 2233 Dion.
799 2200 840 2231 fr.
863 2201 914 2239 38,
935 2200 976 2231 25
999 2200 1033 2230 et
1052 2198 1122 2238 Liv,
1146 2197 1187 2237 X,
1210 2199 1260 2237 38,
1285 2199 1333 2229 10.
1396 2196 1491 2228 Dion.

205 2248 223 2297 ’ξ
246 2258 285 2293 ,et
300 2255 377 2288 Liv:
394 2256 482 2296 XX1,
504 2257 554 2287 42⁷
614 2255 710 2286 Dion.
732 2253 771 2285 fr.
794 2254 845 2293 57,
868 2253 908 2285 39
930 2253 964 2283 et
983 2251 1054 2283 Liv.
1077 2249 1200 2290 XXVI,
1226 2250 1277 2282 19.
1328 2249 1426 2282 Dion.
1448 2248 1490 2281 fr.
1514 2292 1522 2299 ᾗ

186 2388 198 2395 ,
233 2348 237 2352 ’
263 2356 339 2393 ‘ern
360 2332 476 2401 molare
495 2332 537 2392 rr.
559 2359 692 2399 LXXII,
714 2360 765 2399 23,
788 2358 818 2389 5.

214 2408 215 2411 ¹
276 2412 397 2446 cfr.W.
413 2412 454 2444 A.
466 2412 617 2459 Schmidt
636 2412 744 2444 Ueber
764 2411 818 2443 die
833 2409 969 2449 Quellen
990 2408 1051 2439 des
1065 2407 1207 2438 Zonaras
1227 2405 1263 2437 in
1285 2404 1482 2446 ephemerid.

256 2490 263 2498 .
285 2464 387 2505 antiq.
411 2465 502 2497 1839.
523 2473 555 2504 p.
570 2465 643 2499 258.
742 2463 768 2503 ⁵)
811 2461 870 2494 cfr.
892 2461 930 2493 U.
952 2459 1105 2492 Koehler.
1127 2458 1150 2490 l.
1170 2458 1194 2489 l.
1215 2468 1248 2499 p.
1263 2459 1313 2489 39.

1154 2522 1175 2553 2
