1678 2671
216 366 241 377 -.
320 308 591 375 auctoritatem
626 315 947 374 diiudicaverunt,
992 332 1121 377 tamen
1146 328 1373 378 plerumque
1409 332 1478 368 aut

250 381 446 452 Poiybium
464 390 533 426 aut
545 387 733 426 Zonaram
751 386 871 427 secuti
899 392 998 427 sunt.
1039 389 1304 428 Boetticherus
1321 390 1358 438 3)
1383 401 1474 439 quo·

244 450 478 504 quamquam
504 448 628 487 fontes
653 461 694 487 se
720 448 861 488 adiisse
886 449 967 499 ipse
993 450 1249 499 praedicavit,
1286 449 1409 519 magis
1434 450 1475 489 in

260 512 335 550 {is-1
359 510 474 551 rebus
509 521 532 547 a
559 508 941 558 Carthaginiensibus
966 511 1106 564 gestis,
1149 522 1266 561 quam
1291 511 1334 549 in
1360 510 1476 548 fonti·

255 563 481 622 'rquirendis
517 573 556 607 et
590 569 843 608 diiudicandis
875 574 1048 609 versatus
1084 574 1152 609 est.
1222 571 1346 620 Magis
1380 570 1475 611 mihi

189 628 339 681 {erunt
375 630 618 680 quaestiones
636 632 691 679 ⁴¹),
735 642 832 679 quas
867 627 1064 669 Michaelis
1103 631 1150 669 de
1189 630 1289 669 bello
1330 631 1476 669 Punico

194 700 233 742 [o
259 691 505 743 conscripsit,
545 703 632 730 cum
657 691 698 729 in
723 691 916 741 prooemio
942 692 984 731 in
1010 693 1230 731 universum
1257 691 1353 730 satis
1376 691 1477 739 bene

187 745 360 803 fontium
392 753 621 791 auctoritate
660 755 796 801 atque
816 752 892 790 fide
928 753 1191 802 disputaverit.
1269 752 1475 792 Praeterea

92 862 99 869 .
189 804 430 866 ilaudanda
468 815 560 851 sunt
585 812 809 851 Mommseni
845 815 884 851 et
918 813 1020 852 Ihnii
1054 814 1198 864 scripta
1231 813 1279 852 de
1314 812 1475 851 historia

121 870 126 873 ”
169 874 303 924 mana,
347 885 509 922 quorum
543 873 606 910 hic
640 873 679 910 in
712 874 1043 921 annotationibus]
1087 875 1153 912 ille
1189 875 1229 911 in
1263 885 1311 912 ea
1334 874 1474 923 ‘operis

232 963 242 981 ‚
283 945 360 984 qua
392 932 438 971 de
470 932 609 970 litteris
642 932 832 978 Romanis,
857 933 952 982 egit,
997 934 1139 983 optime
1166 933 1213 971 de
1244 928 1332 971 fide‘
1353 936 1471 983 atque

181 995 338 1047 toritate
364 993 592 1043 scriptorum
609 996 780 1032 veterum
799 993 1069 1033 disseruerunt.
1111 994 1284 1033 Aliorum
1309 993 1472 1044 scripto-

107 1058 197 1110 xiim
223 1067 358 1105 opera,
395 1054 533 1103 quibus
559 1066 650 1091 usus
676 1054 764 1100 sim,
804 1066 871 1091 suo
898 1055 980 1093 loco
1006 1055 1192 1093 indicabo.
1246 1054 1322 1092 Sed
1349 1055 1470 1103 prius·

65 1114 225 1173 quam
251 1115 292 1154 in
316 1115 441 1166 ipsam
466 1114 557 1154 belli
582 1114 716 1153 Punici
741 1114 855 1165 primi
881 1114 1080 1154 historiam
1103 1114 1316 1183 inquiram,
1356 1117 1474 1164 atque

107 1177 371 1225 'demonstrare
411 1176 584 1214 studeam
604 1205 613 1222 ,
667 1188 714 1213 ex
754 1176 891 1225 quibus
927 1175 1145 1214 auctoribus
1176 1176 1306 1214 omnia
1322 1205 1332 1222 ,
1376 1187 1476 1224 quae

62 1250 96 1288 „4
113 1229 185 1284 de
184 1236 265 1276 boc
298 1236 398 1275 bello
431 1236 592 1274 tradita
611 1239 721 1282 sunt,
763 1236 973 1286 pendeant,
1018 1248 1158 1286 operae
1197 1237 1367 1286 pretium
1394 1247 1475 1274 esse

65 1291 82 1304 ”
109 1299 208 1359 {nihi
249 1298 416 1345 videtur,
473 1297 638 1336 breviter
680 1297 892 1335 describere
943 1297 1129 1335 rationem
1144 1327 1154 1344 ,
1205 1309 1284 1346 qua
1335 1297 1475 1345 singuli

111 1359 314 1408 §emptores
339 1361 497 1404 veteres,
525 1369 687 1407 quorum
712 1357 955 1397 narrationes
981 1358 1029 1395 de
1055 1358 1155 1396 bello
1181 1358 1325 1396 Punico
1350 1358 1476 1407 primo

111 1413 285 1466 serram
312 1421 418 1464 sunt,
461 1418 660 1463 historiam
686 1417 923 1457 conscribere
957 1418 1059 1457 soliti
1088 1421 1197 1465 sunt,
1242 1418 1382 1468 qnippe
1409 1418 1476 1467 qui

123 1481 144 1490 ”
185 1471 321 1518 eratim
347 1479 546 1528 scriptoris
579 1479 773 1527 ingenium
806 1482 922 1527 atque
948 1479 1137 1517 scribendi
1165 1480 1354 1517 rationem
1380 1479 1477 1517 bene

189 1539 364 1586 llexerit,
407 1539 522 1577 etiam
558 1538 728 1587 singulas
754 1551 837 1585 res,
881 1551 977 1588 quas
1010 1538 1077 1576 ille
1112 1538 1292 1585 tradidit,
1334 1538 1477 1613 rectius

184 1596 326 1648 jdicare
351 1611 463 1649 posse
487 1598 581 1636 mihi
607 1598 768 1637 videtur.

193 1654 509 1713 Antiquissimus
545 1662 679 1698 auctor
696 1688 705 1706 ‚
751 1659 859 1697 cuius
897 1659 1069 1697 narratio
1108 1659 1156 1697 de
1194 1658 1294 1698 bello
1334 1657 1478 1696 Punico

172 1729 235 1772 mo
260 1723 412 1757 servata
437 1723 513 1767 est,
558 1719 737 1769 Polybius
762 1722 837 1766 est,
882 1719 1013 1769 itaque
1046 1720 1095 1758 ab
1129 1720 1202 1758 hoc
1233 1719 1386 1757 initium
1421 1718 1479 1757 fa-

213 1781 299 1817 .'—-
310 1779 409 1848 De
423 1779 612 1849 consilio,
647 1780 749 1829 quod
775 1780 816 1818 in
843 1780 1115 1850 conscribenda
1140 1780 1301 1819 historia
1326 1782 1479 1818 secutus

266 2082 404 2132 quibus
429 2083 571 2122 viribus
606 2083 816 2136 opibusque
854 2049 1031 2122 instructi
1066 2083 1228 2122 Romani
1261 2086 1405 2122 terram
1439 2085 1478 2120 et

177 2149 225 2207 re
253 2144 433 2192 potestati
461 2157 552 2183 suae
579 2144 832 2192 subiecerint,
877 2144 972 2183 duos
998 2144 1116 2183 libros
1142 2144 1250 2194 operi
1275 2155 1343 2183 suo
1368 2155 1478 2193 prae-

187 2251 231 2309 ᾗ).
265 2260 462 2296 Geschichte
482 2264 540 2296 des
560 2263 734 2297 Zeitalters
755 2263 815 2296 der
834 2262 1017 2305 punischen
1038 2262 1159 2305 Kriege
1180 2263 1206 2296 Ι.
1231 2264 1322 2295 1846.

185 2312 223 2353 2)
264 2312 459 2346 Geschichte
483 2316 541 2348 des
563 2318 673 2349 ersten
693 2316 874 2357 punischen
895 2316 1042 2357 Krieges.
1066 2316 1156 2347 1846.

186 2362 223 2404 3)
265 2363 460 2423 θεεοιιῑοιιω
480 2367 541 2400 der
561 2367 757 2410 Karthager.
783 2368 872 2400 1827.
