1678 2671
101 443 106 447 .
165 417 275 453 ratae
300 413 582 452 sibimemoria
608 412 747 462 dignae
773 413 877 451 visae
904 416 1011 460 sunt,
1057 413 1278 453 indistincte
1305 418 1422 465 atque
1447 429 1536 479 pro-

792 47 798 51 .
821 46 886 114 ⁵11⁶

118 162 128 165 ⁷
147 214 149 216 ,
166 181 299 215 omnes
331 170 505 214 homines
538 169 644 210 docti
678 169 942 218 consentiunt,
984 168 1103 210 libros
1132 170 1236 218 sins,
1275 175 1386 225 quos

167 233 316 282 Atticas
348 232 576 279 nominavit,
620 231 731 270 nobis
765 231 922 282 plurimi
960 242 1042 270 esse
1075 231 1344 272 aestimando&
1395 229 1403 241 ²
1417 228 1458 277 N

166 293 321 343 quidem
353 292 527 332 adhibito
563 292 725 340 iudicio,
769 291 836 331 sed
867 304 1016 330 summa
1042 291 1242 342 diligentia
1267 307 1345 341 res,
1387 285 1446 345 “qis

165 354 403 400 rhetoribus,
446 353 725 402 grammaticis,
767 352 941 397 medicis,
981 352 1174 391 historicis
1200 352 1287 393 aliis
1312 348 1537 413 commemo-

123 500 124 503 =
166 474 309 513 miscuo
343 474 556 524 composuit
577 476 620 518 ¹).
690 476 874 513 Auctores
908 473 1049 512 multos
1081 473 1280 519 adhibuit
1324 487 1437 526 saepe
1471 475 1536 526 eos
1647 508 1660 528 ;

166 534 395 585 appellavit,
435 534 620 573 librorum
650 534 783 573 titulos
808 534 1025 581 adnotavit;
1065 546 1179 584 saepe
1204 535 1372 574 auctoris
1397 538 1545 576 nomen
1552 520 1584 561 ⁵3

166 595 308 636 addere
339 595 571 646 supersedit,
615 607 889 645 nonnunquam
924 594 1049 633 fontes
1083 607 1124 633 se
1159 594 1297 634 adiisse
1331 594 1524 638 simulavit

166 661 262 706 qu‘os
287 668 336 694 ex
362 656 527 694 aliorum
553 657 782 705 scriptorum
807 655 915 694 libris
941 656 1128 705 cognovit.
1186 656 1231 694 In
1259 648 1514 696 transscriben

165 716 226 755 dis
249 719 380 754 autem
405 716 634 766 scriptorum
661 716 963 762 narrationibus,
998 727 1094 765 quas
1120 727 1234 765 saepe
1259 718 1430 776 integras
1456 731 1534 757 ser·
1572 732 1575 734 ’

165 778 286 824 vavit,
318 778 359 815 in
388 777 606 816 universum
631 780 813 816 accurate
839 779 956 827 atque
982 776 1185 826 diligenter
1209 781 1382 824 versatus
1406 781 1466 818 est
1484 780 1579 830 ²).

267 837 319 876 Μ.
347 837 541 881 Antonino
566 837 609 875 L.
637 838 737 877 Vero
769 837 1046 887 imperantibus
1079 838 1223 876 Romae
1257 839 1354 877 vixit
1377 839 1567 889 Polyae-
1619 852 1676 894 Ἑρ

165 910 256 946 ιιιιε,
295 898 451 937 natione
487 897 663 946 Macedo,
702 898 769 948 qui
805 910 889 937 cum
924 897 1024 936 bello
1051 898 1232 937 Parthico
1264 899 1534 940 exardescente

164 961 293 998 aetate
331 962 531 1009 provectus
570 960 651 1009 ipse
685 960 844 998 militiae
880 959 1030 998 labores
1064 959 1253 998 sustinere
1283 966 1361 999 non
1394 964 1533 1011 posset,
1557 960 1670 1010 ''ff-f-

165 1032 294 1058 rerum
333 1019 586 1069 gerendarum
624 1019 877 1070 peritissimus
905 1020 1210 1069 strategicorum,
1237 1020 1303 1069 qui
1337 1020 1530 1070 dicuntur,
1563 1026 1576 1032 ‘⁴

164 1081 284 1121 libros
309 1081 533 1130 conscripsit
570 1093 648 1119 non
674 1081 757 1119 sine
783 1080 1046 1120 industriaffax
1072 1081 1279 1119 multorum
1305 1080 1532 1134 scriptorum
1575 1089 1578 1092 ’
1602 1072 1678 1134 ’,ἶ-’ξι

165 1140 343 1192 operibus
360 1141 600 1191 compositos.
654 1141 698 1179 In
726 1141 1008 1179 conscribendis
1034 1141 1148 1179 rebus
1175 1141 1269 1179 satis
1295 1141 1545 1193 negligenter!
1596 1120 1678 1169 ‘effi

165 1206 339 1242 versatus
363 1205 444 1241 est:
489 1207 765 1252 nonnunquam
799 1214 860 1240 res
894 1214 993 1252 quae
1025 1214 1102 1240 uno
1133 1201 1234 1240 bello
1268 1205 1358 1241 sunt
1392 1206 1534 1253 gestae,
1604 1198 1613 1212 ³
1631 1155 1678 1282 ἒ

113 1282 122 1292 1
164 1275 234 1314 per
272 1263 487 1313 complures
501 1263 642 1302 ·libros
678 1263 851 1312 disjecit,
906 1265 1106 1301 auctorum
1144 1263 1384 1302 narrationes
1421 1256 1572 1308 modos
1604 1257 1678 1319 ’νζ

164 1323 406 1363 circumcidit
419 1353 428 1371 ‚
473 1324 586 1362 modo
613 1323 814 1374 ampliavit
828 1353 837 1370 ,
881 1323 1006 1362 multa
1031 1325 1306 1371 strategemata
1331 1324 1389 1363 bis
1413 1328 1454 1363 et
1479 1324 1561 1378 diffi-
1577 1324 1676 1376 ’ᾗῇ-ι’ἷ-

164 1396 274 1424 verso
302 1384 414 1422 modo
439 1396 460 1422 e
487 1381 647 1423 diversis
681 1384 931 1434 scriptoribus
958 1384 1161 1434 desumpta
1197 1384 1371 1432 rettulit,
1413 1397 1476 1424 res
1509 1398 1535 1434 a

165 1443 424 1495 compluribus
449 1445 607 1484 ducibus
638 1448 766 1494 gestas
791 1445 859 1483 uni
885 1444 1021 1483 tribuit
1039 1445 1085 1492 3).
1163 1444 1358 1483 Historiae
1397 1445 1534 1485 Romus

165 1517 238 1544 nae
273 1516 411 1554 parum
444 1505 614 1544 curiosus
647 1505 765 1543 fuisse
791 1505 963 1550 videtur,
1007 1518 1093 1543 cum
1120 1505 1249 1543 omnia
1274 1503 1534 1547 Romanorum
1559 1532 1562 1533 ν
1590 1495 1667 1548 ···⁰}‘'⁵

165 1568 438 1615 strategemata
462 1578 539 1604 uno
556 1566 653 1605 libro
671 1562 892 1616 complexus
918 1566 978 1604 sit.
1024 1565 1283 1603 ⁴Narrationes
1309 1563 1539 1616 plerumque
1571 1568 1594 1594 ⁴·
1644 1563 1675 1620 “-

165 1638 187 1666 ο
212 1626 370 1677 Graecis
396 1627 615 1666 auctoribus
642 1627 812 1666 hausisse
830 1627 993 1673 videtur,
1020 1638 1109 1665 nam
1128 1625 1229 1676 quod
1240 1622 1544 1675 Woelffliniusly

165 1687 350 1734 affirmat,
377 1687 604 1726 Frontinum
630 1700 655 1726 a
680 1688 871 1738 Polyaeno
898 1700 980 1727 esse
1007 1687 1240 1741 adhibitum,
1280 1687 1374 1725 mihi
1395 1689 1554 1738 parum.
1626 1737 1627 1740 Ἴ
1660 1723 1673 1742 .>

164 1748 370 1799 probatur,
413 1761 500 1787 cum
527 1749 733 1788 Frontinus
759 1749 838 1788 fere
864 1762 996 1787 omnes
1021 1749 1110 1787 illas
1134 1760 1214 1795 ree,
1255 1760 1351 1798 quas
1377 1748 1534 1806 Polyae-
1570 1685 1649 1798 -ἓὶζῖζ
1674 1746 1676 1748 ’

164 1821 239 1848 nus
264 1808 314 1846 ab
339 1820 386 1846 eo
411 1813 609 1847 mutuatus
636 1822 716 1848 esse
744 1811 905 1856 dicitur,
946 1811 1027 1859 ipse
1054 1822 1075 1848 e
1102 1809 1257 1847 Graecis
1285 1800 1584 1859 scriptoribus

164 1868 428 1918 desumpserit.
1583 1833 1626 1973 ’ἶῖ
1637 1862 1648 1888 '·‘

266 1929 437 1968 Maxima
470 1929 572 1967 inter
596 1930 766 1982 homines
793 1931 925 1970 doctos
951 1930 1146 1970 contentio
1173 1931 1260 1969 orta
1284 1932 1344 1968 est
1369 1929 1417 1969 de
1442 1930 1571 1975 Gas-
1656 1934 1665 1947 ‘

165 1990 212 2029 sii
248 1989 382 2028 Dionis
414 1989 635 2028 Nicaeensis
668 1980 899 2029 auctoritate
931 1995 1048 2040 atque
1083 1990 1181 2036 fide;
1226 2002 1356 2029 omnes
1381 1989 1585 2042 quidem
1612 1990 1644 2004 ”

163 2050 380 2090 concedunt
405 2061 492 2088 eum
519 2050 559 2088 in
585 2052 855 2100 posterioribus
880 2052 1006 2103 operis
1038 2050 1213 2101 partibus
1239 2050 1363 2090 multa
1387 2063 1409 2090 e
1434 2051 1582 2092 Livii
1557 2033 1672 2118 ,ιλ

248 2164 274 2205 ¹)
318 2162 378 2196 cfr.
400 2162 498 2196 Gellii
520 2163 622 2204 praef.
644 2164 672 2206 ξ.
695 2166 722 2196 2.
745 2167 788 2198 et.
811 2165 833 2196 1.
856 2165 975 2205 XVIII,
1001 2165 1049 2204 10,
1070 2164 1100 2195 8.
1589 2172 1601 2199 J

247 2215 275 2256 ²)
317 2215 378 2249 cfr.
398 2214 437 2247 L.
459 2214 623 2247 Mercklin
644 2216 698 2248 die
718 2217 958 2250 Citirmethode
979 2216 1048 2248 und
1068 2214 1394 2257 Quenenbenutzung
1415 2216 1473 2259 des
1493 2217 1536 2267 A..

164 2268 289 2306 Gellius
315 2268 351 2300 in
379 2268 444 2300 den
472 2270 586 2300 noctes
613 2268 760 2310 Atticae,
795 2269 831 2302 in
853 2269 1022 2302 annalium
1049 2267 1163 2309 philol.
1186 2276 1206 2297 a
1229 2266 1453 2301 Fleckeisenio
1482 2268 1547 2321 sd.-
1619 2276 1645 2292 ’ῥ’

163 2321 325 2363 supplem.
346 2321 406 2352 ΙΙΙ.
435 2330 467 2361 p.
490 2321 561 2352 636.
583 2322 655 2352 641.

248 2373 277 2412 ³)
321 2372 380 2406 cfr.
407 2372 590 2405 Woelfflini
611 2372 713 2414 praef.
736 2373 771 2405 in
793 2373 843 2407 ed.
866 2373 1023 2415 Polyaeni
1048 2382 1080 2413 p·
1096 2371 1175 2405 VIII
1196 2380 1264 2412 seq.
1534 2377 1665 2420 3⁴:ssch

248 2425 275 2466 ⁴)
316 2425 384 2457 1.1.
415 2434 450 2466 p.
471 2424 559 2458 XIV.
1414 2429 1433 2433 ‘
1456 2433 1479 2471 χ’
1505 2467 1516 2474 Ἀ

1449 2470 1459 2480 ²
1486 2485 1488 2487 .
1535 2475 1563 2491 ,ἢ
1590 2470 1645 2498 ‘mi‘
